{"id":"gen9vgc2023regulationc-1852959728","p1":"nmon20","p2":"Adobe Acromegaly","format":"[Gen 9] VGC 2023 Regulation C","log":"|j|\u2606nmon20\n|j|\u2606Adobe Acromegaly\n|t:|1682620728\n|gametype|doubles\n|player|p1|nmon20|169|1133\n|player|p2|Adobe Acromegaly|may-masters|1185\n|teamsize|p1|6\n|teamsize|p2|6\n|gen|9\n|tier|[Gen 9] VGC 2023 Regulation C\n|rated|\n|rule|Species Clause: Limit one of each Pok\u00e9mon\n|rule|Item Clause: Limit one of each item\n|clearpoke\n|poke|p1|Palafin, L50, F|\n|poke|p1|Flutter Mane, L50|\n|poke|p1|Arcanine, L50, F|\n|poke|p1|Ting-Lu, L50|\n|poke|p1|Amoonguss, L50, M|\n|poke|p1|Kingambit, L50, F|\n|poke|p2|Noivern, L50, F|\n|poke|p2|Garchomp, L50, M|\n|poke|p2|Iron Hands, L50|\n|poke|p2|Flutter Mane, L50|\n|poke|p2|Gothitelle, L50, F|\n|poke|p2|Arcanine, L50, F|\n|teampreview|4\n|inactive|Battle timer is ON: inactive players will automatically lose when time's up. (requested by nmon20)\nAdobe Acromegaly has agreed to open team sheets.\n|inactive|nmon20 has 60 seconds left.\n|inactive|Adobe Acromegaly has 60 seconds left.\n|\n|t:|1682620789\n|start\n|switch|p1a: Kingambit|Kingambit, L50, F, shiny|100\/100\n|switch|p1b: Flutter Mane|Flutter Mane, L50, shiny|100\/100\n|switch|p2a: Gothitelle|Gothitelle, L50, F|100\/100\n|switch|p2b: Arcanine|Arcanine, L50, F|100\/100\n|-ability|p2b: Arcanine|Intimidate|boost\n|-unboost|p1a: Kingambit|atk|1\n|-ability|p1a: Kingambit|Defiant|boost\n|-boost|p1a: Kingambit|atk|2\n|-unboost|p1b: Flutter Mane|atk|1\n|-enditem|p1b: Flutter Mane|Booster Energy\n|-activate|p1b: Flutter Mane|ability: Protosynthesis|[fromitem]\n|-start|p1b: Flutter Mane|protosynthesisspa\n|turn|1\n|inactive|Adobe Acromegaly has 30 seconds left.\n|inactive|nmon20 has 30 seconds left.\n|inactive|Adobe Acromegaly has 20 seconds left.\n|\n|t:|1682620831\n|move|p1a: Kingambit|Protect|p1a: Kingambit\n|-singleturn|p1a: Kingambit|Protect\n|move|p1b: Flutter Mane|Shadow Ball|p2a: Gothitelle\n|-supereffective|p2a: Gothitelle\n|-damage|p2a: Gothitelle|11\/100\n|-enditem|p2a: Gothitelle|Sitrus Berry|[eat]\n|-heal|p2a: Gothitelle|36\/100|[from] item: Sitrus Berry\n|move|p2b: Arcanine|Will-O-Wisp|p1a: Kingambit\n|-activate|p1a: Kingambit|move: Protect\n|move|p2a: Gothitelle|Thunder Wave|p1b: Flutter Mane\n|-status|p1b: Flutter Mane|par\n|\n|upkeep\n|turn|2\n|inactive|Adobe Acromegaly has 30 seconds left.\n|inactive|Adobe Acromegaly has 20 seconds left.\n|inactive|Adobe Acromegaly has 15 seconds left.\n|\n|t:|1682620876\n|switch|p2a: Iron Hands|Iron Hands, L50|100\/100\n|move|p2b: Arcanine|Will-O-Wisp|p1a: Kingambit|[miss]\n|-miss|p2b: Arcanine|p1a: Kingambit\n|cant|p1b: Flutter Mane|par\n|move|p1a: Kingambit|Kowtow Cleave|p2b: Arcanine\n|-damage|p2b: Arcanine|4\/100\n|\n|upkeep\n|turn|3\n|inactive|Adobe Acromegaly has 30 seconds left.\n|inactive|Adobe Acromegaly has 20 seconds left.\n|\n|t:|1682620911\n|-terastallize|p2a: Iron Hands|Water\n|move|p1a: Kingambit|Protect|p1a: Kingambit\n|-singleturn|p1a: Kingambit|Protect\n|move|p2b: Arcanine|Flare Blitz|p1b: Flutter Mane\n|-damage|p1b: Flutter Mane|5\/100 par\n|-damage|p2b: Arcanine|0 fnt|[from] Recoil\n|faint|p2b: Arcanine\n|move|p1b: Flutter Mane|Dazzling Gleam|p2a: Iron Hands\n|-crit|p2a: Iron Hands\n|-damage|p2a: Iron Hands|26\/100\n|move|p2a: Iron Hands|Drain Punch|p1a: Kingambit\n|-activate|p1a: Kingambit|move: Protect\n|\n|upkeep\n|c|\u2606Adobe Acromegaly|sickkkk\n|\n|t:|1682620930\n|switch|p2b: Flutter Mane|Flutter Mane, L50|100\/100\n|-enditem|p2b: Flutter Mane|Booster Energy\n|-activate|p2b: Flutter Mane|ability: Protosynthesis|[fromitem]\n|-start|p2b: Flutter Mane|protosynthesisspa\n|turn|4\n|\n|t:|1682620947\n|move|p1a: Kingambit|Sucker Punch|p2a: Iron Hands\n|-damage|p2a: Iron Hands|0 fnt\n|faint|p2a: Iron Hands\n|-end|p2a: Iron Hands|Quark Drive|[silent]\n|move|p2b: Flutter Mane|Dazzling Gleam|p1a: Kingambit|[spread] p1a,p1b\n|-crit|p1a: Kingambit\n|-damage|p1a: Kingambit|38\/100\n|-damage|p1b: Flutter Mane|0 fnt\n|faint|p1b: Flutter Mane\n|-end|p1b: Flutter Mane|Protosynthesis|[silent]\n|\n|upkeep\n|c|\u2606Adobe Acromegaly|\"gg\"\n|-message|Adobe Acromegaly forfeited.\n|\n|win|nmon20\n|raw|nmon20's rating: 1133 → 1162<\/strong> (+29 for winning)\n|raw|Adobe Acromegaly's rating: 1185 → 1156<\/strong> (-29 for losing)\n","uploadtime":1682620958,"views":9,"p1id":"nmon20","p2id":"adobeacromegaly","formatid":"gen9vgc2023regulationc","rating":1156,"private":0,"password":""}