{"id":"gen9vgc2023regulationc-1854669770","p1":"SurpriseSensei","p2":"hysaaron","format":"[Gen 9] VGC 2023 Regulation C","log":"|j|\u2606SurpriseSensei\n|j|\u2606hysaaron\n|t:|1682847224\n|gametype|doubles\n|player|p1|SurpriseSensei|lady|1337\n|player|p2|hysaaron|102|1283\n|teamsize|p1|6\n|teamsize|p2|6\n|gen|9\n|tier|[Gen 9] VGC 2023 Regulation C\n|rated|\n|rule|Species Clause: Limit one of each Pok\u00e9mon\n|rule|Item Clause: Limit one of each item\n|clearpoke\n|poke|p1|Annihilape, L50, F|\n|poke|p1|Maushold, L50|\n|poke|p1|Iron Bundle, L50|\n|poke|p1|Wo-Chien, L50|\n|poke|p1|Glimmora, L50, F|\n|poke|p1|Volcarona, L50, F|\n|poke|p2|Annihilape, L50, F|\n|poke|p2|Maushold, L50|\n|poke|p2|Ting-Lu, L50|\n|poke|p2|Amoonguss, L50, F|\n|poke|p2|Gholdengo, L50|\n|poke|p2|Gyarados, L50, M|\n|teampreview|4\n|inactive|Battle timer is ON: inactive players will automatically lose when time's up. (requested by hysaaron)\n|inactive|SurpriseSensei has 60 seconds left.\n|\n|t:|1682847280\n|start\n|switch|p1a: Wo-Chien|Wo-Chien, L50|100\/100\n|switch|p1b: Volcarona|Volcarona, L50, F|100\/100\n|switch|p2a: Maushold|Maushold, L50, shiny|100\/100\n|switch|p2b: Annihilape|Annihilape, L50, F, shiny|100\/100\n|-ability|p1a: Wo-Chien|Tablets of Ruin\n|turn|1\n|\n|t:|1682847301\n|-terastallize|p2b: Annihilape|Fire\n|move|p2a: Maushold|Beat Up|p2b: Annihilape\n|-damage|p2b: Annihilape|99\/100\n|-damage|p2b: Annihilape|97\/100\n|-damage|p2b: Annihilape|95\/100\n|-damage|p2b: Annihilape|94\/100\n|-hitcount|p2b: Annihilape|4\n|move|p1b: Volcarona|Quiver Dance|p1b: Volcarona\n|-boost|p1b: Volcarona|spa|1\n|-boost|p1b: Volcarona|spd|1\n|-boost|p1b: Volcarona|spe|1\n|move|p2b: Annihilape|Rage Fist|p1b: Volcarona\n|-damage|p1b: Volcarona|0 fnt\n|faint|p1b: Volcarona\n|move|p1a: Wo-Chien|Leech Seed|p2b: Annihilape|[miss]\n|-miss|p1a: Wo-Chien|p2b: Annihilape\n|\n|-heal|p2b: Annihilape|99\/100|[from] item: Leftovers\n|upkeep\n|-message|SurpriseSensei forfeited.\n|\n|win|hysaaron\n|raw|SurpriseSensei's rating: 1337 → 1314<\/strong> (-23 for losing)\n|raw|hysaaron's rating: 1283 → 1312<\/strong> (+29 for winning)\n|l|\u2606SurpriseSensei\n","uploadtime":1682847324,"views":8,"p1id":"surprisesensei","p2id":"hysaaron","formatid":"gen9vgc2023regulationc","rating":1312,"private":0,"password":""}