{"id":"gen9vgc2023regulationc-1856903460","p1":"zqwqz","p2":"Joull","format":"[Gen 9] VGC 2023 Regulation C","log":"|j|\u2606zqwqz\n|j|\u2606Joull\n|t:|1683124356\n|gametype|doubles\n|player|p1|zqwqz|steven|1070\n|player|p2|Joull|lance-gen3|1125\n|teamsize|p1|6\n|teamsize|p2|6\n|gen|9\n|tier|[Gen 9] VGC 2023 Regulation C\n|rated|\n|rule|Species Clause: Limit one of each Pok\u00e9mon\n|rule|Item Clause: Limit one of each item\n|clearpoke\n|poke|p1|Amoonguss, L50, F|\n|poke|p1|Arcanine, L50, F|\n|poke|p1|Baxcalibur, L50, M|\n|poke|p1|Flutter Mane, L50|\n|poke|p1|Palafin, L50, M|\n|poke|p1|Ting-Lu, L50|\n|poke|p2|Lycanroc, L50, F|\n|poke|p2|Tyranitar, L50, F|\n|poke|p2|Gastrodon-East, L50, F|\n|poke|p2|Annihilape, L50, M|\n|poke|p2|Brambleghast, L50, F|\n|poke|p2|Corviknight, L50, M|\n|teampreview|4\n|inactive|Battle timer is ON: inactive players will automatically lose when time's up. (requested by zqwqz)\nJoull rejected open team sheets.\n|\n|t:|1683124387\n|start\n|switch|p1a: Palafin|Palafin, L50, M|100\/100\n|switch|p1b: Arcanine|Arcanine, L50, F|100\/100\n|switch|p2a: Corviknight|Corviknight, L50, M, shiny|100\/100\n|switch|p2b: Annihilape|Annihilape, L50, M|100\/100\n|-ability|p1b: Arcanine|Intimidate|boost\n|-ability|p2a: Corviknight|Mirror Armor\n|-unboost|p1b: Arcanine|atk|1\n|-unboost|p2b: Annihilape|atk|1\n|-ability|p2b: Annihilape|Defiant|boost\n|-boost|p2b: Annihilape|atk|2\n|turn|1\n|\n|t:|1683124409\n|detailschange|p1a: Palafin|Palafin-Hero, L50, M\n|switch|p1a: Flutter Mane|Flutter Mane, L50|100\/100\n|-enditem|p1a: Flutter Mane|Booster Energy\n|-activate|p1a: Flutter Mane|ability: Protosynthesis|[fromitem]\n|-start|p1a: Flutter Mane|protosynthesisspe\n|move|p1b: Arcanine|Will-O-Wisp|p2b: Annihilape|[miss]\n|-miss|p1b: Arcanine|p2b: Annihilape\n|move|p2b: Annihilape|Bulk Up|p2b: Annihilape\n|-boost|p2b: Annihilape|atk|1\n|-boost|p2b: Annihilape|def|1\n|move|p2a: Corviknight|Tailwind|p2a: Corviknight\n|-sidestart|p2: Joull|move: Tailwind\n|\n|upkeep\n|turn|2\n|inactive|zqwqz has 30 seconds left.\n|inactive|Joull has 30 seconds left.\n|inactive|zqwqz has 20 seconds left.\n|\n|t:|1683124448\n|-terastallize|p2b: Annihilape|Steel\n|move|p1a: Flutter Mane|Moonblast|p2b: Annihilape\n|-resisted|p2b: Annihilape\n|-damage|p2b: Annihilape|78\/100\n|move|p2b: Annihilape|Drain Punch|p1b: Arcanine\n|-damage|p1b: Arcanine|0 fnt\n|-heal|p2b: Annihilape|100\/100|[from] drain|[of] p1b: Arcanine\n|faint|p1b: Arcanine\n|move|p2a: Corviknight|Iron Head|p1a: Flutter Mane\n|-supereffective|p1a: Flutter Mane\n|-damage|p1a: Flutter Mane|0 fnt\n|faint|p1a: Flutter Mane\n|-end|p1a: Flutter Mane|Protosynthesis|[silent]\n|\n|upkeep\n|-message|zqwqz forfeited.\n|\n|win|Joull\n|raw|zqwqz's rating: 1070 → 1053<\/strong> (-17 for losing)\n|raw|Joull's rating: 1125 → 1146<\/strong> (+21 for winning)\n|l|\u2606zqwqz\n","uploadtime":1683124521,"views":7,"p1id":"zqwqz","p2id":"joull","formatid":"gen9vgc2023regulationc","rating":1053,"private":0,"password":""}