{"id":"gen9vgc2023regulationc-1848015908","p1":"Cheese4768","p2":"asterisbored","format":"[Gen 9] VGC 2023 Regulation C","log":"|j|\u2606Cheese4768\n|j|\u2606asterisbored\n|t:|1682020928\n|gametype|doubles\n|player|p1|Cheese4768|101|\n|player|p2|asterisbored|101|\n|teamsize|p1|6\n|teamsize|p2|6\n|gen|9\n|tier|[Gen 9] VGC 2023 Regulation C\n|rated|Tournament battle\n|rule|Species Clause: Limit one of each Pok\u00e9mon\n|rule|Item Clause: Limit one of each item\n|clearpoke\n|poke|p1|Lycanroc-Midnight, L50, M|\n|poke|p1|Roaring Moon, L50|\n|poke|p1|Tyranitar, L50, F|\n|poke|p1|Amoonguss, L50, M|\n|poke|p1|Iron Moth, L50|\n|poke|p1|Gyarados, L50, M|\n|poke|p2|Scizor, L50, M|\n|poke|p2|Volcarona, L50, M|\n|poke|p2|Palafin, L50, M|\n|poke|p2|Iron Hands, L50|\n|poke|p2|Abomasnow, L50, M|\n|poke|p2|Flutter Mane, L50|\n|teampreview|4\n|c|\u2606asterisbored|glhf\nasterisbored has agreed to open team sheets.\n|n|!Cheese4768|cheese4768\n|inactive|Battle timer is ON: inactive players will automatically lose when time's up. (requested by Cheese4768)\n|\n|t:|1682020977\n|start\n|switch|p1a: Lycanroc|Lycanroc-Midnight, L50, M|100\/100\n|switch|p1b: Tyranitar|Tyranitar, L50, F|100\/100\n|switch|p2a: Scizor|Scizor, L50, M|100\/100\n|switch|p2b: Iron Hands|Iron Hands, L50|100\/100\n|-weather|Sandstorm|[from] ability: Sand Stream|[of] p1b: Tyranitar\n|turn|1\n|\n|t:|1682020997\n|move|p1a: Lycanroc|Rock Slide|p2b: Iron Hands|[spread] p2a,p2b\n|-resisted|p2b: Iron Hands\n|-damage|p2a: Scizor|78\/100\n|-damage|p2b: Iron Hands|93\/100\n|move|p1b: Tyranitar|Rock Slide|p2b: Iron Hands|[spread] p2b\n|-miss|p1b: Tyranitar|p2a: Scizor\n|-resisted|p2b: Iron Hands\n|-damage|p2b: Iron Hands|82\/100\n|move|p2a: Scizor|Close Combat|p1b: Tyranitar\n|-supereffective|p1b: Tyranitar\n|-damage|p1b: Tyranitar|0 fnt\n|-unboost|p2a: Scizor|def|1\n|-unboost|p2a: Scizor|spd|1\n|faint|p1b: Tyranitar\n|move|p2b: Iron Hands|Thunder Punch|p1a: Lycanroc\n|-damage|p1a: Lycanroc|50\/100\n|\n|-weather|Sandstorm|[upkeep]\n|-damage|p2b: Iron Hands|76\/100|[from] Sandstorm\n|upkeep\n|\n|t:|1682021014\n|switch|p1b: Iron Moth|Iron Moth, L50|100\/100\n|turn|2\n|\n|t:|1682021030\n|switch|p2a: Palafin|Palafin, L50, M|100\/100\n|move|p1b: Iron Moth|Overheat|p2a: Palafin\n|-resisted|p2a: Palafin\n|-damage|p2a: Palafin|51\/100\n|-unboost|p1b: Iron Moth|spa|2\n|move|p1a: Lycanroc|Rock Blast|p2b: Iron Hands|[miss]\n|-miss|p1a: Lycanroc|p2b: Iron Hands\n|move|p2b: Iron Hands|Thunder Punch|p1a: Lycanroc\n|-damage|p1a: Lycanroc|0 fnt\n|faint|p1a: Lycanroc\n|\n|-weather|Sandstorm|[upkeep]\n|-damage|p2a: Palafin|45\/100|[from] Sandstorm\n|-damage|p1b: Iron Moth|95\/100|[from] Sandstorm\n|-damage|p2b: Iron Hands|70\/100|[from] Sandstorm\n|upkeep\n|\n|t:|1682021047\n|switch|p1a: Roaring Moon|Roaring Moon, L50|100\/100\n|-enditem|p1a: Roaring Moon|Booster Energy\n|-activate|p1a: Roaring Moon|ability: Protosynthesis|[fromitem]\n|-start|p1a: Roaring Moon|protosynthesisatk\n|turn|3\n|\n|t:|1682021069\n|-terastallize|p1a: Roaring Moon|Flying\n|move|p2a: Palafin|Protect|p2a: Palafin\n|-singleturn|p2a: Palafin|Protect\n|move|p1a: Roaring Moon|Acrobatics|p2a: Palafin\n|-activate|p2a: Palafin|move: Protect\n|move|p1b: Iron Moth|Overheat|p2b: Iron Hands\n|-damage|p2b: Iron Hands|49\/100\n|-unboost|p1b: Iron Moth|spa|2\n|move|p2b: Iron Hands|Close Combat|p1a: Roaring Moon\n|-resisted|p1a: Roaring Moon\n|-damage|p1a: Roaring Moon|61\/100\n|-unboost|p2b: Iron Hands|def|1\n|-unboost|p2b: Iron Hands|spd|1\n|\n|-weather|Sandstorm|[upkeep]\n|-damage|p2a: Palafin|39\/100|[from] Sandstorm\n|-damage|p1a: Roaring Moon|55\/100|[from] Sandstorm\n|-damage|p1b: Iron Moth|89\/100|[from] Sandstorm\n|-damage|p2b: Iron Hands|42\/100|[from] Sandstorm\n|upkeep\n|turn|4\n|inactive|asterisbored has 30 seconds left.\n|inactive|asterisbored has 20 seconds left.\n|\n|t:|1682021104\n|-terastallize|p2a: Palafin|Water\n|move|p2a: Palafin|Jet Punch|p1b: Iron Moth\n|-supereffective|p1b: Iron Moth\n|-damage|p1b: Iron Moth|0 fnt\n|faint|p1b: Iron Moth\n|-end|p1b: Iron Moth|Quark Drive|[silent]\n|move|p1a: Roaring Moon|Acrobatics|p2a: Palafin\n|-damage|p2a: Palafin|0 fnt\n|faint|p2a: Palafin\n|move|p2b: Iron Hands|Thunder Punch|p1a: Roaring Moon\n|-supereffective|p1a: Roaring Moon\n|-damage|p1a: Roaring Moon|0 fnt\n|faint|p1a: Roaring Moon\n|-end|p1a: Roaring Moon|Protosynthesis|[silent]\n|\n|win|asterisbored\n","uploadtime":1682020950,"views":9,"p1id":"cheese4768","p2id":"asterisbored","formatid":"gen9vgc2023regulationc","rating":0,"private":0,"password":""}