{"id":"gen9vgc2023regulationc-1862583956","p1":"sahabatgomba","p2":"trace","format":"[Gen 9] VGC 2023 Regulation C","log":"|j|\u2606sahabatgomba\n|j|\u2606trace\n|t:|1683902963\n|gametype|doubles\n|player|p1|sahabatgomba|tuber|\n|player|p2|trace|#trace|\n|teamsize|p1|6\n|teamsize|p2|6\n|gen|9\n|tier|[Gen 9] VGC 2023 Regulation C\n|rule|Species Clause: Limit one of each Pok\u00e9mon\n|rule|Item Clause: Limit one of each item\n|clearpoke\n|poke|p1|Gholdengo, L50|\n|poke|p1|Azumarill, L50, M|\n|poke|p1|Armarouge, L50, F|\n|poke|p1|Ceruledge, L50, F|\n|poke|p1|Arcanine, L50, M|\n|poke|p1|Indeedee-F, L50, F|\n|poke|p2|Tinkaton, L50, F|\n|poke|p2|Rotom-Wash, L50|\n|poke|p2|Annihilape, L50, F|\n|poke|p2|Corviknight, L50, F|\n|poke|p2|Espathra, L50, F|\n|poke|p2|Amoonguss, L50, F|\n|teampreview|4\ntrace has agreed to open team sheets.\n|c|\u2606sahabatgomba|game dua\nsahabatgomba has agreed to open team sheets.\n|inactive|Battle timer is ON: inactive players will automatically lose when time's up. (requested by sahabatgomba)\n|\n|t:|1683903379\n|start\n|switch|p1a: Ceruledge|Ceruledge, L50, F|100\/100\n|switch|p1b: Armarouge|Armarouge, L50, F|100\/100\n|switch|p2a: White Spell|Tinkaton, L50, F|100\/100\n|switch|p2b: Zoetrope|Rotom-Wash, L50|100\/100\n|-ability|p2a: White Spell|Mold Breaker\n|turn|1\n|\n|t:|1683903400\n|move|p1a: Ceruledge|Shadow Sneak|p1b: Armarouge\n|-supereffective|p1b: Armarouge\n|-damage|p1b: Armarouge|63\/100\n|-ability|p1b: Armarouge|Weak Armor|boost\n|-unboost|p1b: Armarouge|def|1\n|-boost|p1b: Armarouge|spe|2\n|-enditem|p1b: Armarouge|Weakness Policy\n|-boost|p1b: Armarouge|atk|2|[from] item: Weakness Policy\n|-boost|p1b: Armarouge|spa|2|[from] item: Weakness Policy\n|move|p1b: Armarouge|Stored Power|p2b: Zoetrope\n|-damage|p2b: Zoetrope|0 fnt\n|faint|p2b: Zoetrope\n|move|p2a: White Spell|Knock Off|p1a: Ceruledge\n|-supereffective|p1a: Ceruledge\n|-damage|p1a: Ceruledge|61\/100\n|-enditem|p1a: Ceruledge|Clear Amulet|[from] move: Knock Off|[of] p2a: White Spell\n|\n|upkeep\n|\n|t:|1683903410\n|switch|p2b: LEVEL|Amoonguss, L50, F|100\/100\n|turn|2\n|\n|t:|1683903424\n|move|p1b: Armarouge|Protect|p1b: Armarouge\n|-singleturn|p1b: Armarouge|Protect\n|move|p1a: Ceruledge|Protect|p1a: Ceruledge\n|-singleturn|p1a: Ceruledge|Protect\n|move|p2b: LEVEL|Rage Powder|p2b: LEVEL\n|-singleturn|p2b: LEVEL|move: Rage Powder\n|move|p2a: White Spell|Play Rough|p1b: Armarouge\n|-activate|p1b: Armarouge|move: Protect\n|\n|upkeep\n|turn|3\n|\n|t:|1683903442\n|move|p2b: LEVEL|Rage Powder|p2b: LEVEL\n|-singleturn|p2b: LEVEL|move: Rage Powder\n|move|p1b: Armarouge|Stored Power|p2b: LEVEL\n|-supereffective|p2b: LEVEL\n|-damage|p2b: LEVEL|0 fnt\n|faint|p2b: LEVEL\n|move|p2a: White Spell|Knock Off|p1b: Armarouge\n|-supereffective|p1b: Armarouge\n|-damage|p1b: Armarouge|27\/100\n|-ability|p1b: Armarouge|Weak Armor|boost\n|-unboost|p1b: Armarouge|def|1\n|-boost|p1b: Armarouge|spe|2\n|move|p1a: Ceruledge|Bulk Up|p1a: Ceruledge\n|-boost|p1a: Ceruledge|atk|1\n|-boost|p1a: Ceruledge|def|1\n|\n|upkeep\n|-message|trace forfeited.\n|\n|win|sahabatgomba\n|l|\u2606trace\n|c|\u2606sahabatgomba|gg\n|c|\u2606sahabatgomba|maaf om jgn lgsg left\n","uploadtime":1683903518,"views":9,"p1id":"sahabatgomba","p2id":"trace","formatid":"gen9vgc2023regulationc","rating":0,"private":0,"password":""}