{"id":"gen9vgc2023regulationc-1845877826","p1":"hancec","p2":"Wyvern129","format":"[Gen 9] VGC 2023 Regulation C","log":"|j|\u2606hancec\n|j|\u2606Wyvern129\n|t:|1681774420\n|gametype|doubles\n|player|p1|hancec|gentleman-gen4dp|\n|player|p2|Wyvern129|giovanni|\n|teamsize|p1|6\n|teamsize|p2|6\n|gen|9\n|tier|[Gen 9] VGC 2023 Regulation C\n|rated|Tournament battle\n|rule|Species Clause: Limit one of each Pok\u00e9mon\n|rule|Item Clause: Limit one of each item\n|clearpoke\n|poke|p1|Murkrow, L50, M|\n|poke|p1|Iron Bundle, L50|\n|poke|p1|Chi-Yu, L50|\n|poke|p1|Gholdengo, L50|\n|poke|p1|Great Tusk, L50|\n|poke|p1|Farigiraf, L50, M|\n|poke|p2|Roaring Moon, L50|\n|poke|p2|Chien-Pao, L50|\n|poke|p2|Flutter Mane, L50|\n|poke|p2|Kingambit, L50, M|\n|poke|p2|Talonflame, L50, M|\n|poke|p2|Torkoal, L50, M|\n|teampreview|4\n|raw| Open Team Sheet for hancec<\/summary>Murkrow @ Focus Sash Ability: Prankster Level: 50 Shiny: Yes Tera Type: Ghost - Brave Bird - Tailwind - Sunny Day - Haze Iron Bundle @ Booster Energy Ability: Quark Drive Level: 50 Tera Type: Flying - Freeze-Dry - Icy Wind - Hydro Pump - Protect Chi-Yu @ Wide Lens Ability: Beads of Ruin Level: 50 Tera Type: Fire - Heat Wave - Overheat - Dark Pulse - Protect Gholdengo @ Choice Specs Ability: Good as Gold Level: 50 Tera Type: Steel - Make It Rain - Shadow Ball - Trick - Thunderbolt Great Tusk @ Clear Amulet Ability: Protosynthesis Level: 50 Hidden Power: Fighting Tera Type: Ground - Headlong Rush - Earthquake - Close Combat - Protect Farigiraf @ Life Orb Ability: Armor Tail Level: 50 Tera Type: Fairy - Hyper Voice - Dazzling Gleam - Trick Room - Imprison <\/details><\/div> Open Team Sheet for Wyvern129<\/summary>Roaring Moon @ Clear Amulet Ability: Protosynthesis Level: 50 Tera Type: Fire - Dragon Claw - Throat Chop - Tera Blast - Protect Chien-Pao @ Focus Sash Ability: Sword of Ruin Level: 50 Tera Type: Dark - Swords Dance - Ice Spinner - Crunch - Ice Shard Flutter Mane @ Booster Energy Ability: Protosynthesis Level: 50 Tera Type: Ghost - Dark Pulse - Protect - Moonblast - Dazzling Gleam Kingambit @ Assault Vest Ability: Defiant Level: 50 Tera Type: Dark - Iron Head - Sucker Punch - Kowtow Cleave - Assurance Talonflame @ Covert Cloak Ability: Gale Wings Level: 50 Shiny: Yes Tera Type: Ghost - Brave Bird - Tailwind - Will-O-Wisp - Taunt Torkoal @ Leftovers Ability: Drought Level: 50 Tera Type: Fire - Helping Hand - Protect - Clear Smog - Will-O-Wisp <\/details><\/div>\n|c|\u2606hancec|hf\n|c|\u2606Wyvern129|gl\n|\n|t:|1681774459\n|start\n|switch|p1a: Murkrow|Murkrow, L50, M, shiny|100\/100\n|switch|p1b: Great Tusk|Great Tusk, L50|100\/100\n|switch|p2a: Roaring Moon|Roaring Moon, L50|100\/100\n|switch|p2b: Torkoal|Torkoal, L50, M|100\/100\n|-weather|SunnyDay|[from] ability: Drought|[of] p2b: Torkoal\n|-activate|p2a: Roaring Moon|ability: Protosynthesis\n|-start|p2a: Roaring Moon|protosynthesisatk\n|-activate|p1b: Great Tusk|ability: Protosynthesis\n|-start|p1b: Great Tusk|protosynthesisatk\n|turn|1\n|\n|t:|1681774499\n|-terastallize|p1b: Great Tusk|Ground\n|move|p2a: Roaring Moon|Protect|p2a: Roaring Moon\n|-singleturn|p2a: Roaring Moon|Protect\n|move|p1a: Murkrow|Tailwind|p1a: Murkrow\n|-sidestart|p1: hancec|move: Tailwind\n|move|p1b: Great Tusk|Earthquake|p2a: Roaring Moon|[spread] p2b\n|-activate|p2a: Roaring Moon|move: Protect\n|-immune|p1a: Murkrow\n|-supereffective|p2b: Torkoal\n|-damage|p2b: Torkoal|0 fnt\n|faint|p2b: Torkoal\n|\n|-weather|SunnyDay|[upkeep]\n|upkeep\n|\n|t:|1681774512\n|switch|p2b: Chien-Pao|Chien-Pao, L50|100\/100\n|-ability|p2b: Chien-Pao|Sword of Ruin\n|turn|2\n|\n|t:|1681774525\n|move|p1a: Murkrow|Brave Bird|p2a: Roaring Moon\n|-damage|p2a: Roaring Moon|9\/100\n|-damage|p1a: Murkrow|61\/100|[from] Recoil\n|move|p1b: Great Tusk|Earthquake|p2a: Roaring Moon|[spread] p2a,p2b\n|-immune|p1a: Murkrow\n|-crit|p2b: Chien-Pao\n|-damage|p2a: Roaring Moon|0 fnt\n|-enditem|p2b: Chien-Pao|Focus Sash\n|-damage|p2b: Chien-Pao|1\/100\n|faint|p2a: Roaring Moon\n|-end|p2a: Roaring Moon|Protosynthesis|[silent]\n|move|p2b: Chien-Pao|Ice Spinner|p1b: Great Tusk\n|-supereffective|p1b: Great Tusk\n|-damage|p1b: Great Tusk|17\/100\n|\n|-weather|SunnyDay|[upkeep]\n|upkeep\n|\n|t:|1681774539\n|switch|p2a: Flutter Mane|Flutter Mane, L50|100\/100\n|-activate|p2a: Flutter Mane|ability: Protosynthesis\n|-start|p2a: Flutter Mane|protosynthesisspe\n|turn|3\n|\n|t:|1681774559\n|move|p2a: Flutter Mane|Protect|p2a: Flutter Mane\n|-singleturn|p2a: Flutter Mane|Protect\n|move|p2b: Chien-Pao|Ice Shard|p1b: Great Tusk\n|-supereffective|p1b: Great Tusk\n|-damage|p1b: Great Tusk|0 fnt\n|faint|p1b: Great Tusk\n|-end|p1b: Great Tusk|Protosynthesis|[silent]\n|move|p1a: Murkrow|Brave Bird|p2a: Flutter Mane\n|-activate|p2a: Flutter Mane|move: Protect\n|\n|-weather|SunnyDay|[upkeep]\n|upkeep\n|j| jrdog\n|\n|t:|1681774567\n|switch|p1b: Iron Bundle|Iron Bundle, L50|100\/100\n|-enditem|p1b: Iron Bundle|Booster Energy\n|-activate|p1b: Iron Bundle|ability: Quark Drive|[fromitem]\n|-start|p1b: Iron Bundle|quarkdrivespe\n|turn|4\n|\n|t:|1681774581\n|move|p2b: Chien-Pao|Ice Shard|p1b: Iron Bundle\n|-resisted|p1b: Iron Bundle\n|-damage|p1b: Iron Bundle|93\/100\n|move|p1b: Iron Bundle|Icy Wind|p2b: Chien-Pao|[spread] p2a,p2b\n|-resisted|p2b: Chien-Pao\n|-crit|p2b: Chien-Pao\n|-damage|p2a: Flutter Mane|77\/100\n|-damage|p2b: Chien-Pao|0 fnt\n|-unboost|p2a: Flutter Mane|spe|1\n|faint|p2b: Chien-Pao\n|move|p1a: Murkrow|Brave Bird|p2a: Flutter Mane\n|-damage|p2a: Flutter Mane|0 fnt\n|faint|p2a: Flutter Mane\n|-end|p2a: Flutter Mane|Protosynthesis|[silent]\n|-damage|p1a: Murkrow|37\/100|[from] Recoil\n|\n|win|hancec\n|n|\u2606hancec|hancec\n|n|\u2606Wyvern129|wyvern129\n|n| jrdog|jrdog\n|c|\u2606Wyvern129|gg\n|c|\u2606hancec|gg\n","uploadtime":1681774597,"views":18,"p1id":"hancec","p2id":"wyvern129","formatid":"gen9vgc2023regulationc","rating":0,"private":0,"password":""}