{"id":"gen9vgc2023regulationc-1862782980","p1":"nihaofana","p2":"RelcityYT","format":"[Gen 9] VGC 2023 Regulation C","log":"|j|\u2606nihaofana\n|j|\u2606RelcityYT\n|t:|1683921446\n|gametype|doubles\n|player|p1|nihaofana|101|1080\n|player|p2|RelcityYT|266|1000\n|teamsize|p1|6\n|teamsize|p2|6\n|gen|9\n|tier|[Gen 9] VGC 2023 Regulation C\n|rated|\n|rule|Species Clause: Limit one of each Pok\u00e9mon\n|rule|Item Clause: Limit one of each item\n|clearpoke\n|poke|p1|Chi-Yu, L50|\n|poke|p1|Murkrow, L50, F|\n|poke|p1|Flutter Mane, L50|\n|poke|p1|Indeedee-F, L50, F|\n|poke|p1|Great Tusk, L50|\n|poke|p1|Corviknight, L50, F|\n|poke|p2|Flutter Mane, L50|\n|poke|p2|Torkoal, L50, M|\n|poke|p2|Bronzong, L50|\n|poke|p2|Indeedee-F, L50, F|\n|poke|p2|Dragonite, L50, M|\n|poke|p2|Hatterene, L50, F|\n|teampreview|4\n|\n|t:|1683921467\n|start\n|switch|p1a: Indeedee|Indeedee-F, L50, F|100\/100\n|switch|p1b: Chi-Yu|Chi-Yu, L50|100\/100\n|switch|p2a: Bronzong|Bronzong, L50|100\/100\n|switch|p2b: Dragonite|Dragonite, L50, M|100\/100\n|-ability|p1b: Chi-Yu|Beads of Ruin\n|-fieldstart|move: Psychic Terrain|[from] ability: Psychic Surge|[of] p1a: Indeedee\n|turn|1\n|\n|t:|1683921495\n|-terastallize|p1b: Chi-Yu|Fire\n|move|p1b: Chi-Yu|Heat Wave|p2b: Dragonite|[spread] p2a,p2b\n|-supereffective|p2a: Bronzong\n|-resisted|p2b: Dragonite\n|-damage|p2a: Bronzong|0 fnt\n|-damage|p2b: Dragonite|85\/100\n|faint|p2a: Bronzong\n|move|p1a: Indeedee|Imprison|p1a: Indeedee\n|-start|p1a: Indeedee|move: Imprison\n|move|p2b: Dragonite|Earthquake|p1b: Chi-Yu|[spread] p1a,p1b\n|-supereffective|p1b: Chi-Yu\n|-damage|p1a: Indeedee|75\/100\n|-enditem|p1b: Chi-Yu|Focus Sash\n|-damage|p1b: Chi-Yu|1\/100\n|\n|upkeep\n|\n|t:|1683921509\n|switch|p2a: Flutter Mane|Flutter Mane, L50|100\/100\n|turn|2\n|\n|t:|1683921540\n|switch|p1b: Corviknight|Corviknight, L50, F|100\/100\n|switch|p2b: Torkoal|Torkoal, L50, M|100\/100\n|-weather|SunnyDay|[from] ability: Drought|[of] p2b: Torkoal\n|-activate|p2a: Flutter Mane|ability: Protosynthesis\n|-start|p2a: Flutter Mane|protosynthesisspa\n|-terastallize|p2a: Flutter Mane|Fairy\n|move|p2a: Flutter Mane|Dazzling Gleam|p1b: Corviknight|[spread] p1a,p1b\n|-resisted|p1b: Corviknight\n|-damage|p1a: Indeedee|0 fnt\n|-damage|p1b: Corviknight|64\/100\n|faint|p1a: Indeedee\n|\n|-weather|SunnyDay|[upkeep]\n|upkeep\n|\n|t:|1683921554\n|switch|p1a: Flutter Mane|Flutter Mane, L50|100\/100\n|-activate|p1a: Flutter Mane|ability: Protosynthesis\n|-start|p1a: Flutter Mane|protosynthesisspe\n|turn|3\n|\n|t:|1683921573\n|move|p1a: Flutter Mane|Dazzling Gleam|p2a: Flutter Mane|[spread] p2a,p2b\n|-resisted|p2b: Torkoal\n|-damage|p2a: Flutter Mane|57\/100\n|-damage|p2b: Torkoal|70\/100\n|move|p2a: Flutter Mane|Dazzling Gleam|p1a: Flutter Mane|[spread] p1a,p1b\n|-resisted|p1b: Corviknight\n|-damage|p1a: Flutter Mane|22\/100\n|-damage|p1b: Corviknight|28\/100\n|-enditem|p1b: Corviknight|Sitrus Berry|[eat]\n|-heal|p1b: Corviknight|53\/100|[from] item: Sitrus Berry\n|move|p1b: Corviknight|Brave Bird|p2b: Torkoal\n|-damage|p2b: Torkoal|35\/100\n|-damage|p1b: Corviknight|43\/100|[from] Recoil\n|move|p2b: Torkoal|Eruption|p1b: Corviknight|[spread] p1a,p1b\n|-supereffective|p1b: Corviknight\n|-damage|p1a: Flutter Mane|1\/100\n|-damage|p1b: Corviknight|0 fnt\n|faint|p1b: Corviknight\n|\n|-weather|SunnyDay|[upkeep]\n|upkeep\n|-message|nihaofana forfeited.\n|\n|win|RelcityYT\n|raw|nihaofana's rating: 1080 → 1053<\/strong> (-27 for losing)\n|raw|RelcityYT's rating: 1000 → 1049<\/strong> (+49 for winning)\n|l|\u2606nihaofana\n|c|\u2606RelcityYT|\ud83d\udc41\ud83d\udc44\ud83d\udc41\n","uploadtime":1683922289,"views":12,"p1id":"nihaofana","p2id":"relcityyt","formatid":"gen9vgc2023regulationc","rating":1049,"private":0,"password":""}