{"id":"gen9vgc2023regulationc-1853238775","p1":"Duecal1on","p2":"ballin on deez","format":"[Gen 9] VGC 2023 Regulation C","log":"|j|\u2606Duecal1on\n|j|\u2606ballin on deez\n|t:|1682653093\n|gametype|doubles\n|player|p1|Duecal1on|pokefan|1175\n|player|p2|ballin on deez|psychic-gen4|1267\n|teamsize|p1|6\n|teamsize|p2|6\n|gen|9\n|tier|[Gen 9] VGC 2023 Regulation C\n|rated|\n|rule|Species Clause: Limit one of each Pok\u00e9mon\n|rule|Item Clause: Limit one of each item\n|clearpoke\n|poke|p1|Palafin, L50, M|\n|poke|p1|Iron Bundle, L50|\n|poke|p1|Arcanine, L50, M|\n|poke|p1|Amoonguss, L50, M|\n|poke|p1|Chien-Pao, L50|\n|poke|p1|Scizor, L50, M|\n|poke|p2|Iron Bundle, L50|\n|poke|p2|Grimmsnarl, L50, M|\n|poke|p2|Gyarados, L50, M|\n|poke|p2|Tinkaton, L50, F|\n|poke|p2|Chi-Yu, L50|\n|poke|p2|Dragonite, L50, M|\n|teampreview|4\n|\n|t:|1682653121\n|start\n|switch|p1a: Scizor|Scizor, L50, M|100\/100\n|switch|p1b: Iron Bundle|Iron Bundle, L50|100\/100\n|switch|p2a: Gyarados|Gyarados, L50, M|100\/100\n|switch|p2b: Grimmsnarl|Grimmsnarl, L50, M|100\/100\n|-ability|p2a: Gyarados|Intimidate|boost\n|-fail|p1a: Scizor|unboost|[from] item: Clear Amulet|[of] p1a: Scizor\n|-unboost|p1b: Iron Bundle|atk|1\n|-enditem|p1b: Iron Bundle|Booster Energy\n|-activate|p1b: Iron Bundle|ability: Quark Drive|[fromitem]\n|-start|p1b: Iron Bundle|quarkdrivespe\n|turn|1\n|\n|t:|1682653150\n|move|p2a: Gyarados|Protect|p2a: Gyarados\n|-singleturn|p2a: Gyarados|Protect\n|move|p2b: Grimmsnarl|Reflect|p2b: Grimmsnarl\n|-sidestart|p2: ballin on deez|Reflect\n|move|p1b: Iron Bundle|Freeze-Dry|p2a: Gyarados\n|-activate|p2a: Gyarados|move: Protect\n|move|p1a: Scizor|Swords Dance|p1a: Scizor\n|-boost|p1a: Scizor|atk|2\n|\n|upkeep\n|turn|2\n|\n|t:|1682653166\n|move|p1a: Scizor|Bullet Punch|p2b: Grimmsnarl\n|-supereffective|p2b: Grimmsnarl\n|-damage|p2b: Grimmsnarl|0 fnt\n|faint|p2b: Grimmsnarl\n|move|p1b: Iron Bundle|Freeze-Dry|p2a: Gyarados\n|-supereffective|p2a: Gyarados\n|-damage|p2a: Gyarados|0 fnt\n|faint|p2a: Gyarados\n|\n|upkeep\n|\n|t:|1682653172\n|switch|p2a: Iron Bundle|Iron Bundle, L50|100\/100\n|switch|p2b: Dragonite|Dragonite, L50, M|100\/100\n|turn|3\n|\n|t:|1682653200\n|move|p1a: Scizor|Protect|p1a: Scizor\n|-singleturn|p1a: Scizor|Protect\n|move|p1b: Iron Bundle|Icy Wind|p2a: Iron Bundle|[spread] p2a,p2b\n|-resisted|p2a: Iron Bundle\n|-supereffective|p2b: Dragonite\n|-damage|p2a: Iron Bundle|91\/100\n|-damage|p2b: Dragonite|57\/100\n|-unboost|p2a: Iron Bundle|spe|1\n|-unboost|p2b: Dragonite|spe|1\n|move|p2a: Iron Bundle|Freeze-Dry|p1b: Iron Bundle\n|-damage|p1b: Iron Bundle|29\/100\n|move|p2b: Dragonite|Low Kick|p1a: Scizor\n|-activate|p1a: Scizor|move: Protect\n|\n|upkeep\n|turn|4\n|-message|ballin on deez forfeited.\n|\n|win|Duecal1on\n|raw|Duecal1on's rating: 1175 → 1206<\/strong> (+31 for winning)\n|raw|ballin on deez's rating: 1267 → 1236<\/strong> (-31 for losing)\n|l|\u2606ballin on deez\n","uploadtime":1682653219,"views":16,"p1id":"duecal1on","p2id":"ballinondeez","formatid":"gen9vgc2023regulationc","rating":1206,"private":0,"password":""}