{"id":"gen9vgc2023regulationc-1863286079","p1":"IchigoZangeCorner","p2":"Inferno prodigy","format":"[Gen 9] VGC 2023 Regulation C","log":"|j|\u2606IchigoZangeCorner\n|j|\u2606Inferno prodigy\n|t:|1683997983\n|gametype|doubles\n|player|p1|IchigoZangeCorner|brawly|1552\n|player|p2|Inferno prodigy|170|1533\n|teamsize|p1|6\n|teamsize|p2|6\n|gen|9\n|tier|[Gen 9] VGC 2023 Regulation C\n|rated|\n|rule|Species Clause: Limit one of each Pok\u00e9mon\n|rule|Item Clause: Limit one of each item\n|clearpoke\n|poke|p1|Ting-Lu, L50|\n|poke|p1|Orthworm, L50, M|\n|poke|p1|Iron Bundle, L50|\n|poke|p1|Abomasnow, L50, M|\n|poke|p1|Dragonite, L50, M|\n|poke|p1|Flutter Mane, L50|\n|poke|p2|Orthworm, L50, M|\n|poke|p2|Ting-Lu, L50|\n|poke|p2|Dragonite, L50, F|\n|poke|p2|Gyarados, L50, F|\n|poke|p2|Flutter Mane, L50|\n|poke|p2|Chien-Pao, L50|\n|teampreview|4\nIchigoZangeCorner rejected open team sheets.\n|inactive|Battle timer is ON: inactive players will automatically lose when time's up. (requested by IchigoZangeCorner)\n|\n|t:|1683998040\n|start\n|switch|p1a: Iron Bundle|Iron Bundle, L50|100\/100\n|switch|p1b: Flutter Mane|Flutter Mane, L50|100\/100\n|switch|p2a: Orthworm|Orthworm, L50, M|100\/100\n|switch|p2b: Gyarados|Gyarados, L50, F|100\/100\n|-ability|p2b: Gyarados|Intimidate|boost\n|-unboost|p1a: Iron Bundle|atk|1\n|-unboost|p1b: Flutter Mane|atk|1\n|-enditem|p1b: Flutter Mane|Booster Energy\n|-activate|p1b: Flutter Mane|ability: Protosynthesis|[fromitem]\n|-start|p1b: Flutter Mane|protosynthesisspe\n|turn|1\n|\n|t:|1683998052\n|switch|p2b: Ting-Lu|Ting-Lu, L50|100\/100\n|-ability|p2b: Ting-Lu|Vessel of Ruin\n|move|p1b: Flutter Mane|Shadow Ball|p2a: Orthworm\n|-damage|p2a: Orthworm|67\/100\n|-unboost|p2a: Orthworm|spd|1\n|move|p1a: Iron Bundle|Hydro Pump|p2a: Orthworm\n|-damage|p2a: Orthworm|0 fnt\n|faint|p2a: Orthworm\n|\n|upkeep\n|c|\u2606Inferno prodigy|Cheap shot man\n|\n|t:|1683998074\n|switch|p2a: Gyarados|Gyarados, L50, F|100\/100\n|-ability|p2a: Gyarados|Intimidate|boost\n|-unboost|p1a: Iron Bundle|atk|1\n|-unboost|p1b: Flutter Mane|atk|1\n|turn|2\n|c|\u2606IchigoZangeCorner|This is VGC\n|\n|t:|1683998092\n|-terastallize|p1b: Flutter Mane|Fairy\n|move|p1b: Flutter Mane|Moonblast|p2b: Ting-Lu\n|-supereffective|p2b: Ting-Lu\n|-damage|p2b: Ting-Lu|42\/100\n|move|p1a: Iron Bundle|Hydro Pump|p2b: Ting-Lu\n|-supereffective|p2b: Ting-Lu\n|-damage|p2b: Ting-Lu|0 fnt\n|faint|p2b: Ting-Lu\n|move|p2a: Gyarados|Waterfall|p1b: Flutter Mane\n|-damage|p1b: Flutter Mane|46\/100\n|\n|upkeep\n|c|\u2606Inferno prodigy|Stop reading me cheater\n|-message|Inferno prodigy forfeited.\n|\n|win|IchigoZangeCorner\n|raw|IchigoZangeCorner's rating: 1552 → 1571<\/strong> (+19 for winning)\n|raw|Inferno prodigy's rating: 1533 → 1514<\/strong> (-19 for losing)\n|l|\u2606Inferno prodigy\n","uploadtime":1683998114,"views":10,"p1id":"ichigozangecorner","p2id":"infernoprodigy","formatid":"gen9vgc2023regulationc","rating":1514,"private":0,"password":""}