{"id":"gen9vgc2023regulationc-1861446327","p1":"KingWhaledon","p2":"revocolombia","format":"[Gen 9] VGC 2023 Regulation C","log":"|j|\u2606KingWhaledon\n|j|\u2606revocolombia\n|t:|1683758889\n|gametype|doubles\n|player|p1|KingWhaledon|giovanni|1104\n|player|p2|revocolombia|169|1169\n|teamsize|p1|6\n|teamsize|p2|6\n|gen|9\n|tier|[Gen 9] VGC 2023 Regulation C\n|rated|\n|rule|Species Clause: Limit one of each Pok\u00e9mon\n|rule|Item Clause: Limit one of each item\n|clearpoke\n|poke|p1|Dragapult, L50, M|\n|poke|p1|Garchomp, L50, M|\n|poke|p1|Salamence, L50, M|\n|poke|p1|Tyranitar, L50, M|\n|poke|p1|Hydreigon, L50, M|\n|poke|p1|Haxorus, L50, M|\n|poke|p2|Flutter Mane, L50|\n|poke|p2|Great Tusk, L50|\n|poke|p2|Gholdengo, L50|\n|poke|p2|Chien-Pao, L50|\n|poke|p2|Murkrow, L50, F|\n|poke|p2|Dragonite, L50, F|\n|teampreview|4\n|inactive|Battle timer is ON: inactive players will automatically lose when time's up. (requested by KingWhaledon)\nKingWhaledon rejected open team sheets.\n|\n|t:|1683758916\n|start\n|switch|p1a: Tyranitar|Tyranitar, L50, M|100\/100\n|switch|p1b: Haxorus|Haxorus, L50, M, shiny|100\/100\n|switch|p2a: Murkrow|Murkrow, L50, F|100\/100\n|switch|p2b: Great Tusk|Great Tusk, L50|100\/100\n|-ability|p1b: Haxorus|Mold Breaker\n|-weather|Sandstorm|[from] ability: Sand Stream|[of] p1a: Tyranitar\n|turn|1\n|\n|t:|1683758934\n|move|p2a: Murkrow|Sunny Day|p2a: Murkrow\n|-weather|SunnyDay\n|-activate|p2b: Great Tusk|ability: Protosynthesis\n|-start|p2b: Great Tusk|protosynthesisatk\n|move|p1b: Haxorus|Breaking Swipe|p2a: Murkrow|[spread] p2a,p2b\n|-crit|p2a: Murkrow\n|-damage|p2a: Murkrow|50\/100\n|-damage|p2b: Great Tusk|83\/100\n|-unboost|p2a: Murkrow|atk|1\n|move|p2b: Great Tusk|Earthquake|p1a: Tyranitar|[spread] p1a,p1b\n|-immune|p2a: Murkrow\n|-supereffective|p1a: Tyranitar\n|-crit|p1b: Haxorus\n|-damage|p1a: Tyranitar|16\/100\n|-damage|p1b: Haxorus|0 fnt\n|-enditem|p1a: Tyranitar|Weakness Policy\n|-boost|p1a: Tyranitar|atk|2|[from] item: Weakness Policy\n|-boost|p1a: Tyranitar|spa|2|[from] item: Weakness Policy\n|faint|p1b: Haxorus\n|move|p1a: Tyranitar|Rock Slide|p2a: Murkrow|[spread] p2a,p2b\n|-supereffective|p2a: Murkrow\n|-resisted|p2b: Great Tusk\n|-damage|p2a: Murkrow|0 fnt\n|-damage|p2b: Great Tusk|72\/100\n|faint|p2a: Murkrow\n|\n|-weather|SunnyDay|[upkeep]\n|upkeep\n|inactive|revocolombia has 30 seconds left.\n|\n|t:|1683758963\n|switch|p1b: Dragapult|Dragapult, L50, M, shiny|100\/100\n|switch|p2a: Flutter Mane|Flutter Mane, L50|100\/100\n|-activate|p2a: Flutter Mane|ability: Protosynthesis\n|-start|p2a: Flutter Mane|protosynthesisspa\n|turn|2\n|\n|t:|1683758986\n|move|p1b: Dragapult|Psychic Fangs|p2b: Great Tusk\n|-supereffective|p2b: Great Tusk\n|-damage|p2b: Great Tusk|26\/100\n|-damage|p1b: Dragapult|91\/100|[from] item: Life Orb\n|move|p2a: Flutter Mane|Dazzling Gleam|p1a: Tyranitar|[spread] p1a,p1b\n|-supereffective|p1a: Tyranitar\n|-supereffective|p1b: Dragapult\n|-damage|p1a: Tyranitar|0 fnt\n|-damage|p1b: Dragapult|0 fnt\n|faint|p1a: Tyranitar\n|faint|p1b: Dragapult\n|move|p2b: Great Tusk|Rock Slide|p1: Tyranitar|[notarget]\n|-fail|p2b: Great Tusk\n|\n|-weather|SunnyDay|[upkeep]\n|upkeep\n|\n|t:|1683758998\n|switch|p1b: Garchomp|Garchomp, L50, M|100\/100\n|turn|3\n|\n|t:|1683759013\n|-terastallize|p1b: Garchomp|Ground\n|move|p1b: Garchomp|Earthquake|p2a: Flutter Mane|[spread] p2a,p2b\n|-damage|p2a: Flutter Mane|15\/100\n|-damage|p2b: Great Tusk|0 fnt\n|faint|p2b: Great Tusk\n|-end|p2b: Great Tusk|Protosynthesis|[silent]\n|move|p2a: Flutter Mane|Dazzling Gleam|p1b: Garchomp|[miss]\n|-miss|p2a: Flutter Mane|p1b: Garchomp\n|\n|-weather|SunnyDay|[upkeep]\n|upkeep\n|\n|t:|1683759025\n|switch|p2b: Chien-Pao|Chien-Pao, L50|100\/100\n|-ability|p2b: Chien-Pao|Sword of Ruin\n|turn|4\n|\n|t:|1683759043\n|move|p2a: Flutter Mane|Protect|p2a: Flutter Mane\n|-singleturn|p2a: Flutter Mane|Protect\n|move|p2b: Chien-Pao|Ice Spinner|p1b: Garchomp\n|-supereffective|p1b: Garchomp\n|-damage|p1b: Garchomp|0 fnt\n|faint|p1b: Garchomp\n|\n|win|revocolombia\n|raw|KingWhaledon's rating: 1104 → 1084<\/strong> (-20 for losing)\n|raw|revocolombia's rating: 1169 → 1189<\/strong> (+20 for winning)\n|l|\u2606KingWhaledon\n","uploadtime":1683759062,"views":5,"p1id":"kingwhaledon","p2id":"revocolombia","formatid":"gen9vgc2023regulationc","rating":1084,"private":0,"password":""}