{"id":"gen9vgc2023regulationc-1861045185","p1":"Eden_Riegan","p2":"Ashenfield","format":"[Gen 9] VGC 2023 Regulation C","log":"|j|\u2606Eden_Riegan\n|j|\u2606Ashenfield\n|t:|1683720019\n|gametype|doubles\n|player|p1|Eden_Riegan|morty|1087\n|player|p2|Ashenfield|benga|1206\n|teamsize|p1|6\n|teamsize|p2|6\n|gen|9\n|tier|[Gen 9] VGC 2023 Regulation C\n|rated|\n|rule|Species Clause: Limit one of each Pok\u00e9mon\n|rule|Item Clause: Limit one of each item\n|clearpoke\n|poke|p1|Mimikyu, L50, M|\n|poke|p1|Tyranitar, L50, M|\n|poke|p1|Grimmsnarl, L50, M|\n|poke|p1|Garchomp, L50, M|\n|poke|p1|Houndstone, L50, F|\n|poke|p1|Azumarill, L50, M|\n|poke|p2|Dragonite, L50, M|\n|poke|p2|Chien-Pao, L50|\n|poke|p2|Flutter Mane, L50|\n|poke|p2|Chi-Yu, L50|\n|poke|p2|Dondozo, L50, M|\n|poke|p2|Tatsugiri, L50, F|\n|teampreview|4\n|inactive|Battle timer is ON: inactive players will automatically lose when time's up. (requested by Ashenfield)\n|inactive|Eden_Riegan has 60 seconds left.\n|inactive|Ashenfield has 60 seconds left.\n|\n|t:|1683720058\n|start\n|switch|p1a: Mimikyu|Mimikyu, L50, M|100\/100\n|switch|p1b: Tyranitar|Tyranitar, L50, M|100\/100\n|switch|p2a: Flutter Mane|Flutter Mane, L50, shiny|100\/100\n|switch|p2b: Chi-Yu|Chi-Yu, L50|100\/100\n|-ability|p2b: Chi-Yu|Beads of Ruin\n|-weather|Sandstorm|[from] ability: Sand Stream|[of] p1b: Tyranitar\n|-enditem|p2a: Flutter Mane|Booster Energy\n|-activate|p2a: Flutter Mane|ability: Protosynthesis|[fromitem]\n|-start|p2a: Flutter Mane|protosynthesisspe\n|turn|1\n|inactive|Eden_Riegan has 30 seconds left.\n|inactive|Ashenfield has 30 seconds left.\n|\n|t:|1683720090\n|-terastallize|p2a: Flutter Mane|Steel\n|-terastallize|p1b: Tyranitar|Fairy\n|move|p2a: Flutter Mane|Dazzling Gleam|p1b: Tyranitar|[spread] p1a,p1b\n|-activate|p1a: Mimikyu|ability: Disguise\n|-damage|p1a: Mimikyu|100\/100\n|-damage|p1b: Tyranitar|62\/100\n|detailschange|p1a: Mimikyu|Mimikyu-Busted, L50, M\n|-damage|p1a: Mimikyu|88\/100|[from] pokemon: Mimikyu-Busted\n|move|p2b: Chi-Yu|Overheat|p1a: Mimikyu\n|-damage|p1a: Mimikyu|0 fnt\n|-unboost|p2b: Chi-Yu|spa|2\n|faint|p1a: Mimikyu\n|-damage|p2b: Chi-Yu|90\/100|[from] item: Life Orb\n|move|p1b: Tyranitar|Rock Slide|p2a: Flutter Mane|[spread] p2b\n|-miss|p1b: Tyranitar|p2a: Flutter Mane\n|-supereffective|p2b: Chi-Yu\n|-damage|p2b: Chi-Yu|0 fnt\n|faint|p2b: Chi-Yu\n|\n|-weather|Sandstorm|[upkeep]\n|-damage|p1b: Tyranitar|57\/100|[from] Sandstorm\n|upkeep\n|inactive|Eden_Riegan has 30 seconds left.\n|\n|t:|1683720117\n|switch|p2b: Dondozo|Dondozo, L50, M, shiny|100\/100\n|switch|p1a: Houndstone|Houndstone, L50, F|100\/100\n|turn|2\n|\n|t:|1683720135\n|move|p1a: Houndstone|Helping Hand|p1b: Tyranitar\n|-singleturn|p1b: Tyranitar|Helping Hand|[of] p1a: Houndstone\n|move|p2a: Flutter Mane|Shadow Ball|p1a: Houndstone\n|-supereffective|p1a: Houndstone\n|-damage|p1a: Houndstone|7\/100\n|-unboost|p1a: Houndstone|spd|1\n|move|p2b: Dondozo|Wave Crash|p1b: Tyranitar\n|-damage|p1b: Tyranitar|13\/100\n|-damage|p2b: Dondozo|87\/100|[from] Recoil\n|move|p1b: Tyranitar|Rock Slide|p2a: Flutter Mane|[spread] p2a,p2b\n|-resisted|p2a: Flutter Mane\n|-damage|p2a: Flutter Mane|30\/100\n|-damage|p2b: Dondozo|35\/100\n|\n|-weather|Sandstorm|[upkeep]\n|-damage|p2b: Dondozo|29\/100|[from] Sandstorm\n|-damage|p1a: Houndstone|0 fnt|[from] Sandstorm\n|-damage|p1b: Tyranitar|7\/100|[from] Sandstorm\n|faint|p1a: Houndstone\n|-heal|p2b: Dondozo|35\/100|[from] item: Leftovers\n|upkeep\n|\n|t:|1683720153\n|switch|p1a: Garchomp|Garchomp, L50, M|100\/100\n|turn|3\n|inactive|Eden_Riegan has 30 seconds left.\n|\n|t:|1683720179\n|-end|p2a: Flutter Mane|Protosynthesis|[silent]\n|switch|p2a: Tatsugiri|Tatsugiri, L50, F, shiny|100\/100\n|-activate|p2a: Tatsugiri|ability: Commander|[of] p2b: Dondozo\n|-boost|p2b: Dondozo|atk|2\n|-boost|p2b: Dondozo|spa|2\n|-boost|p2b: Dondozo|spe|2\n|-boost|p2b: Dondozo|def|2\n|-boost|p2b: Dondozo|spd|2\n|move|p2b: Dondozo|Wave Crash|p1a: Garchomp\n|-damage|p1a: Garchomp|5\/100\n|-damage|p2b: Dondozo|5\/100|[from] Recoil\n|move|p1a: Garchomp|Dragon Claw|p2b: Dondozo\n|-damage|p2b: Dondozo|0 fnt\n|faint|p2b: Dondozo\n|move|p1b: Tyranitar|Rock Slide|p2a: Tatsugiri|[miss]\n|-miss|p1b: Tyranitar|p2a: Tatsugiri\n|\n|-weather|Sandstorm|[upkeep]\n|-damage|p2a: Tatsugiri|95\/100|[from] Sandstorm\n|-damage|p1b: Tyranitar|1\/100|[from] Sandstorm\n|upkeep\n|\n|t:|1683720201\n|switch|p2b: Flutter Mane|Flutter Mane, L50, shiny, tera:Steel|30\/100\n|turn|4\n|\n|t:|1683720206\n|move|p2a: Tatsugiri|Muddy Water|p1b: Tyranitar|[spread] p1a,p1b\n|-damage|p1a: Garchomp|0 fnt\n|-damage|p1b: Tyranitar|0 fnt\n|faint|p1a: Garchomp\n|faint|p1b: Tyranitar\n|\n|win|Ashenfield\n|raw|Eden_Riegan's rating: 1087 → 1072<\/strong> (-15 for losing)\n|raw|Ashenfield's rating: 1206 → 1223<\/strong> (+17 for winning)\n","uploadtime":1683720213,"views":8,"p1id":"edenriegan","p2id":"ashenfield","formatid":"gen9vgc2023regulationc","rating":1072,"private":0,"password":""}