{"id":"gen9vgc2023regulationc-1861889270","p1":"VillagerZz","p2":"Kefka2.02","format":"[Gen 9] VGC 2023 Regulation C","log":"|j|\u2606VillagerZz\n|j|\u2606Kefka2.02\n|t:|1683818222\n|gametype|doubles\n|player|p1|VillagerZz|2|1117\n|player|p2|Kefka2.02|170|1045\n|teamsize|p1|6\n|teamsize|p2|6\n|gen|9\n|tier|[Gen 9] VGC 2023 Regulation C\n|rated|\n|rule|Species Clause: Limit one of each Pok\u00e9mon\n|rule|Item Clause: Limit one of each item\n|clearpoke\n|poke|p1|Scream Tail, L50|\n|poke|p1|Iron Bundle, L50|\n|poke|p1|Talonflame, L50, F|\n|poke|p1|Dragonite, L50, M|\n|poke|p1|Iron Valiant, L50|\n|poke|p1|Pachirisu, L50, F|\n|poke|p2|Garganacl, L50, M|\n|poke|p2|Annihilape, L50, M|\n|poke|p2|Chien-Pao, L50|\n|poke|p2|Grafaiai, L50, F|\n|poke|p2|Riolu, L50, F|\n|poke|p2|Arcanine, L50, F|\n|teampreview|4\n|inactive|Battle timer is ON: inactive players will automatically lose when time's up. (requested by VillagerZz)\n|inactive|VillagerZz has 60 seconds left.\n|\n|t:|1683818282\n|start\n|switch|p1a: Pachirisu|Pachirisu, L50, F, shiny|100\/100\n|switch|p1b: Iron Valiant|Iron Valiant, L50|100\/100\n|switch|p2a: Chien-Pao|Chien-Pao, L50|100\/100\n|switch|p2b: Garganacl|Garganacl, L50, M|100\/100\n|-ability|p2a: Chien-Pao|Sword of Ruin\n|turn|1\n|\n|t:|1683818305\n|-terastallize|p2a: Chien-Pao|Ghost\n|move|p1a: Pachirisu|Follow Me|p1a: Pachirisu\n|-singleturn|p1a: Pachirisu|move: Follow Me\n|move|p2a: Chien-Pao|Ice Spinner|p1a: Pachirisu\n|-damage|p1a: Pachirisu|33\/100\n|move|p1b: Iron Valiant|Swords Dance|p1b: Iron Valiant\n|-boost|p1b: Iron Valiant|atk|2\n|move|p2b: Garganacl|Explosion|p1b: Iron Valiant|[spread] p1a,p1b\n|-immune|p2a: Chien-Pao\n|-enditem|p2b: Garganacl|Normal Gem|[from] gem\n|-damage|p1a: Pachirisu|0 fnt\n|-damage|p1b: Iron Valiant|0 fnt\n|faint|p2b: Garganacl\n|faint|p1a: Pachirisu\n|faint|p1b: Iron Valiant\n|-end|p1b: Iron Valiant|Quark Drive|[silent]\n|\n|upkeep\n|\n|t:|1683818326\n|switch|p1b: Scream Tail|Scream Tail, L50, shiny|100\/100\n|switch|p1a: Dragonite|Dragonite, L50, M|100\/100\n|switch|p2b: Riolu|Riolu, L50, F|100\/100\n|turn|2\n|inactive|VillagerZz has 30 seconds left.\n|inactive|VillagerZz has 20 seconds left.\n|c|\u2606VillagerZz|Am I about to get prankster copycatted?\n|inactive|VillagerZz has 15 seconds left.\n|inactive|VillagerZz has 10 seconds left.\n|c|\u2606Kefka2.02|Do you know\n|inactive|VillagerZz has 5 seconds left.\n|\n|t:|1683818377\n|move|p1b: Scream Tail|Protect|p1b: Scream Tail\n|-singleturn|p1b: Scream Tail|Protect\n|move|p2b: Riolu|Copycat||[still]\n|-fail|p2b: Riolu\n|move|p2a: Chien-Pao|Ice Spinner|p1a: Dragonite\n|-supereffective|p1a: Dragonite\n|-damage|p1a: Dragonite|0 fnt\n|faint|p1a: Dragonite\n|\n|upkeep\n|turn|3\n|c|\u2606Kefka2.02|No\n|inactive|VillagerZz has 30 seconds left.\n|inactive|Kefka2.02 has 30 seconds left.\n|c|\u2606Kefka2.02|Lucky guess\n|\n|t:|1683818411\n|move|p2b: Riolu|Copycat|p2b: Riolu\n|move|p2b: Riolu|Ice Spinner|p1b: Scream Tail|[from]move: Copycat\n|-damage|p1b: Scream Tail|66\/100\n|move|p2a: Chien-Pao|Icy Wind|p1b: Scream Tail\n|-damage|p1b: Scream Tail|50\/100\n|-unboost|p1b: Scream Tail|spe|1\n|move|p1b: Scream Tail|Disable|p2a: Chien-Pao\n|-start|p2a: Chien-Pao|Disable|Icy Wind\n|\n|upkeep\n|turn|4\n|c|\u2606VillagerZz|Lol gg\n|c|\u2606Kefka2.02|Gg\n|inactive|VillagerZz has 30 seconds left.\n|-message|VillagerZz forfeited.\n|\n|win|Kefka2.02\n|raw|VillagerZz's rating: 1117 → 1087<\/strong> (-30 for losing)\n|raw|Kefka2.02's rating: 1045 → 1085<\/strong> (+40 for winning)\n|l|\u2606VillagerZz\n|l|\u2606Kefka2.02\n|j|\u2606VillagerZz\n|player|p1|VillagerZz|2\n","uploadtime":1683818466,"views":7,"p1id":"villagerzz","p2id":"kefka202","formatid":"gen9vgc2023regulationc","rating":1085,"private":0,"password":""}