{"id":"gen9vgc2023regulationc-1855867607","p1":"Angello7796","p2":"ivangraus17","format":"[Gen 9] VGC 2023 Regulation C","log":"|j|\u2606Angello7796\n|j|\u2606ivangraus17\n|t:|1682993765\n|gametype|doubles\n|player|p1|Angello7796|hilbert|\n|player|p2|ivangraus17|1|\n|teamsize|p1|6\n|teamsize|p2|6\n|gen|9\n|tier|[Gen 9] VGC 2023 Regulation C\n|rule|Species Clause: Limit one of each Pok\u00e9mon\n|rule|Item Clause: Limit one of each item\n|clearpoke\n|poke|p1|Great Tusk, L50|\n|poke|p1|Rotom-Mow, L50|\n|poke|p1|Talonflame, L50, F|\n|poke|p1|Gengar, L50, M|\n|poke|p1|Annihilape, L50, M|\n|poke|p1|Dragonite, L50, F|\n|poke|p2|Tauros-Paldea-Aqua, L50, M|\n|poke|p2|Gengar, L50, F|\n|poke|p2|Garchomp, L50, F|\n|poke|p2|Great Tusk, L50|\n|poke|p2|Rotom-Wash, L50|\n|poke|p2|Annihilape, L50, M|\n|teampreview|4\n|j| buenocomoeloro\n|inactive|Battle timer is ON: inactive players will automatically lose when time's up. (requested by ivangraus17)\n|c| buenocomoeloro|yo soy como mida por que todo lo que toco lo hago oro y por eso soy tan bueno . rimas al instante\n|c|\u2606ivangraus17|Pokefree\n|inactive|Angello7796 has 60 seconds left.\n|inactive|Angello7796 has 30 seconds left.\n|\n|t:|1682993889\n|start\n|switch|p1a: Great Tusk|Great Tusk, L50|100\/100\n|switch|p1b: Rotom|Rotom-Mow, L50|100\/100\n|switch|p2a: Annihilape|Annihilape, L50, M|100\/100\n|switch|p2b: Gengar|Gengar, L50, F|100\/100\n|-item|p2b: Gengar|Air Balloon\n|turn|1\n|c|\u2606Angello7796|Para el tiempo\n|inactive|Angello7796 has 30 seconds left.\n|inactive|ivangraus17 has 30 seconds left.\n|inactiveoff|Battle timer is now OFF.\n|\n|t:|1682993959\n|-terastallize|p2b: Gengar|Flying\n|move|p2b: Gengar|Dazzling Gleam|p1b: Rotom|[spread] p1a,p1b\n|-supereffective|p1a: Great Tusk\n|-damage|p1a: Great Tusk|68\/100\n|-damage|p1b: Rotom|78\/100\n|move|p1a: Great Tusk|Ice Spinner|p2a: Annihilape\n|-damage|p2a: Annihilape|80\/100\n|move|p1b: Rotom|Discharge|p2a: Annihilape|[spread] p2a,p2b\n|-immune|p1a: Great Tusk\n|-supereffective|p2b: Gengar\n|-damage|p2a: Annihilape|58\/100\n|-damage|p2b: Gengar|8\/100\n|-start|p1b: Rotom|Disable|Discharge|[from] ability: Cursed Body|[of] p2b: Gengar\n|-enditem|p2b: Gengar|Air Balloon\n|move|p2a: Annihilape|Bulk Up|p2a: Annihilape\n|-boost|p2a: Annihilape|atk|1\n|-boost|p2a: Annihilape|def|1\n|\n|-heal|p1b: Rotom|84\/100|[from] item: Leftovers\n|upkeep\n|turn|2\n|\n|t:|1682994025\n|-terastallize|p1a: Great Tusk|Ghost\n|move|p2b: Gengar|Shadow Ball|p1b: Rotom\n|-damage|p1b: Rotom|33\/100\n|move|p1a: Great Tusk|Rock Slide|p2a: Annihilape|[spread] p2a,p2b\n|-resisted|p2a: Annihilape\n|-supereffective|p2b: Gengar\n|-damage|p2a: Annihilape|53\/100\n|-damage|p2b: Gengar|0 fnt\n|-start|p1a: Great Tusk|Disable|Rock Slide|[from] ability: Cursed Body|[of] p2b: Gengar\n|faint|p2b: Gengar\n|move|p1b: Rotom|Will-O-Wisp|p2a: Annihilape\n|-status|p2a: Annihilape|brn\n|move|p2a: Annihilape|Rage Fist|p1a: Great Tusk\n|-supereffective|p1a: Great Tusk\n|-damage|p1a: Great Tusk|0 fnt\n|faint|p1a: Great Tusk\n|-end|p1a: Great Tusk|Protosynthesis|[silent]\n|\n|-heal|p1b: Rotom|39\/100|[from] item: Leftovers\n|-damage|p2a: Annihilape|47\/100 brn|[from] brn\n|upkeep\n|\n|t:|1682994051\n|switch|p2b: Rotom|Rotom-Wash, L50|100\/100\n|switch|p1a: Gengar|Gengar, L50, M|100\/100\n|-item|p1a: Gengar|Air Balloon\n|turn|3\n|\n|t:|1682994133\n|move|p1a: Gengar|Dazzling Gleam|p2a: Annihilape|[spread] p2a,p2b\n|-supereffective|p2a: Annihilape\n|-damage|p2a: Annihilape|11\/100 brn\n|-damage|p2b: Rotom|79\/100\n|-enditem|p2a: Annihilape|Aguav Berry|[eat]\n|-heal|p2a: Annihilape|44\/100 brn|[from] item: Aguav Berry\n|move|p1b: Rotom|Leaf Storm|p2b: Rotom\n|-supereffective|p2b: Rotom\n|-damage|p2b: Rotom|0 fnt\n|-unboost|p1b: Rotom|spa|2\n|faint|p2b: Rotom\n|move|p2a: Annihilape|Rage Fist|p1a: Gengar\n|-supereffective|p1a: Gengar\n|-damage|p1a: Gengar|0 fnt\n|-enditem|p1a: Gengar|Air Balloon\n|faint|p1a: Gengar\n|\n|-heal|p1b: Rotom|44\/100|[from] item: Leftovers\n|-damage|p2a: Annihilape|38\/100 brn|[from] brn\n|upkeep\n|\n|t:|1682994152\n|switch|p1a: Annihilape|Annihilape, L50, M|100\/100\n|switch|p2b: Great Tusk|Great Tusk, L50|100\/100\n|turn|4\n|\n|t:|1682994174\n|move|p1a: Annihilape|Rage Fist|p2a: Annihilape\n|-supereffective|p2a: Annihilape\n|-damage|p2a: Annihilape|12\/100 brn\n|move|p2b: Great Tusk|Ice Spinner|p1b: Rotom\n|-supereffective|p1b: Rotom\n|-damage|p1b: Rotom|0 fnt\n|faint|p1b: Rotom\n|move|p2a: Annihilape|Rage Fist|p1a: Annihilape\n|-supereffective|p1a: Annihilape\n|-damage|p1a: Annihilape|0 fnt\n|faint|p1a: Annihilape\n|\n|win|ivangraus17\n|c|\u2606ivangraus17|gg\n","uploadtime":1682994186,"views":18,"p1id":"angello7796","p2id":"ivangraus17","formatid":"gen9vgc2023regulationc","rating":0,"private":0,"password":""}