{"id":"gen9vgc2023regulationc-1853454005","p1":"Korali95","p2":"FIGHT ON STARMAN","format":"[Gen 9] VGC 2023 Regulation C","log":"|j|\u2606Korali95\n|j|\u2606FIGHT ON STARMAN\n|t:|1682686820\n|gametype|doubles\n|player|p1|Korali95|dawn|1390\n|player|p2|FIGHT ON STARMAN|may-masters|1320\n|teamsize|p1|6\n|teamsize|p2|6\n|gen|9\n|tier|[Gen 9] VGC 2023 Regulation C\n|rated|\n|rule|Species Clause: Limit one of each Pok\u00e9mon\n|rule|Item Clause: Limit one of each item\n|clearpoke\n|poke|p1|Annihilape, L50, M|\n|poke|p1|Maushold-Four, L50|\n|poke|p1|Iron Bundle, L50|\n|poke|p1|Flutter Mane, L50|\n|poke|p1|Gyarados, L50, F|\n|poke|p1|Amoonguss, L50, F|\n|poke|p2|Pincurchin, L50, M|\n|poke|p2|Iron Hands, L50|\n|poke|p2|Palafin, L50, F|\n|poke|p2|Ting-Lu, L50|\n|poke|p2|Amoonguss, L50, F|\n|poke|p2|Flutter Mane, L50|\n|teampreview|4\n|inactive|Battle timer is ON: inactive players will automatically lose when time's up. (requested by Korali95)\n|inactive|FIGHT ON STARMAN has 60 seconds left.\n|\n|t:|1682686864\n|start\n|switch|p1a: Flutter Mane|Flutter Mane, L50|100\/100\n|switch|p1b: Iron Bundle|Iron Bundle, L50|100\/100\n|switch|p2a: MISTRESS|Flutter Mane, L50, shiny|100\/100\n|switch|p2b: SIDEKICK|Amoonguss, L50, F, shiny|100\/100\n|-enditem|p1b: Iron Bundle|Booster Energy\n|-activate|p1b: Iron Bundle|ability: Quark Drive|[fromitem]\n|-start|p1b: Iron Bundle|quarkdrivespe\n|turn|1\n|inactive|FIGHT ON STARMAN has 30 seconds left.\n|inactive|FIGHT ON STARMAN has 20 seconds left.\n|\n|t:|1682686901\n|move|p1b: Iron Bundle|Protect|p1b: Iron Bundle\n|-singleturn|p1b: Iron Bundle|Protect\n|move|p2b: SIDEKICK|Rage Powder|p2b: SIDEKICK\n|-singleturn|p2b: SIDEKICK|move: Rage Powder\n|move|p2a: MISTRESS|Shadow Ball|p1a: Flutter Mane\n|-supereffective|p1a: Flutter Mane\n|-damage|p1a: Flutter Mane|0 fnt\n|faint|p1a: Flutter Mane\n|-end|p1a: Flutter Mane|Protosynthesis|[silent]\n|\n|upkeep\n|\n|t:|1682686911\n|switch|p1a: Annihilape|Annihilape, L50, M|100\/100\n|turn|2\n|\n|t:|1682686925\n|move|p1b: Iron Bundle|Icy Wind|p2b: SIDEKICK|[spread] p2a,p2b\n|-crit|p2a: MISTRESS\n|-supereffective|p2b: SIDEKICK\n|-damage|p2a: MISTRESS|72\/100\n|-damage|p2b: SIDEKICK|68\/100\n|-unboost|p2a: MISTRESS|spe|1\n|-unboost|p2b: SIDEKICK|spe|1\n|move|p1a: Annihilape|Rage Fist|p2a: MISTRESS\n|-supereffective|p2a: MISTRESS\n|-damage|p2a: MISTRESS|0 fnt\n|faint|p2a: MISTRESS\n|-end|p2a: MISTRESS|Protosynthesis|[silent]\n|move|p2b: SIDEKICK|Spore|p1a: Annihilape\n|-immune|p1a: Annihilape|[from] ability: Vital Spirit\n|\n|upkeep\n|\n|t:|1682686943\n|switch|p2a: STARMAN|Iron Hands, L50, shiny|100\/100\n|turn|3\n|\n|t:|1682686959\n|switch|p2b: CHU|Pincurchin, L50, M, shiny|100\/100\n|-fieldstart|move: Electric Terrain|[from] ability: Electric Surge|[of] p2b: CHU\n|-activate|p2a: STARMAN|ability: Quark Drive\n|-start|p2a: STARMAN|quarkdriveatk\n|move|p1b: Iron Bundle|Protect|p1b: Iron Bundle\n|-singleturn|p1b: Iron Bundle|Protect\n|move|p1a: Annihilape|Bulk Up|p1a: Annihilape\n|-boost|p1a: Annihilape|atk|1\n|-boost|p1a: Annihilape|def|1\n|move|p2a: STARMAN|Wild Charge|p1a: Annihilape\n|-damage|p1a: Annihilape|47\/100\n|-damage|p2a: STARMAN|90\/100|[from] Recoil\n|\n|-heal|p1a: Annihilape|53\/100|[from] item: Leftovers\n|upkeep\n|turn|4\n|inactive|Korali95 has 30 seconds left.\n|inactive|FIGHT ON STARMAN has 30 seconds left.\n|\n|t:|1682686992\n|-end|p1b: Iron Bundle|Quark Drive|[silent]\n|switch|p1b: Amoonguss|Amoonguss, L50, F|100\/100\n|move|p1a: Annihilape|Rage Fist|p2b: CHU\n|-damage|p2b: CHU|39\/100\n|move|p2a: STARMAN|Wild Charge|p1a: Annihilape\n|-damage|p1a: Annihilape|0 fnt\n|faint|p1a: Annihilape\n|-damage|p2a: STARMAN|79\/100|[from] Recoil\n|move|p2b: CHU|Zing Zap|p1b: Amoonguss\n|-resisted|p1b: Amoonguss\n|-damage|p1b: Amoonguss|85\/100\n|\n|upkeep\n|-message|Korali95 forfeited.\n|\n|win|FIGHT ON STARMAN\n|raw|Korali95's rating: 1390 → 1366<\/strong> (-24 for losing)\n|raw|FIGHT ON STARMAN's rating: 1320 → 1344<\/strong> (+24 for winning)\n|l|\u2606Korali95\n","uploadtime":1682687006,"views":11,"p1id":"korali95","p2id":"fightonstarman","formatid":"gen9vgc2023regulationc","rating":1344,"private":0,"password":""}