{"id":"gen9vgc2023regulationc-1857053171","p1":"Hadrian1917","p2":"Disfrazdetigre","format":"[Gen 9] VGC 2023 Regulation C","log":"|j|\u2606Hadrian1917\n|j|\u2606Disfrazdetigre\n|t:|1683141195\n|gametype|doubles\n|player|p1|Hadrian1917|brock|1221\n|player|p2|Disfrazdetigre|colress|1220\n|teamsize|p1|6\n|teamsize|p2|6\n|gen|9\n|tier|[Gen 9] VGC 2023 Regulation C\n|rated|\n|rule|Species Clause: Limit one of each Pok\u00e9mon\n|rule|Item Clause: Limit one of each item\n|clearpoke\n|poke|p1|Flutter Mane, L50|\n|poke|p1|Chi-Yu, L50|\n|poke|p1|Iron Hands, L50|\n|poke|p1|Ting-Lu, L50|\n|poke|p1|Gyarados, L50, M|\n|poke|p1|Amoonguss, L50, M|\n|poke|p2|Grafaiai, L50, F|\n|poke|p2|Gyarados, L50, M|\n|poke|p2|Iron Valiant, L50|\n|poke|p2|Altaria, L50, M|\n|poke|p2|Chien-Pao, L50|\n|poke|p2|Garganacl, L50, F|\n|teampreview|4\n|inactive|Battle timer is ON: inactive players will automatically lose when time's up. (requested by Disfrazdetigre)\n|\n|t:|1683141253\n|start\n|switch|p1a: Ting-Lu|Ting-Lu, L50|100\/100\n|switch|p1b: Gyarados|Gyarados, L50, M|100\/100\n|switch|p2a: Chien-Pao|Chien-Pao, L50|100\/100\n|switch|p2b: Garganacl|Garganacl, L50, F|100\/100\n|-ability|p2a: Chien-Pao|Sword of Ruin\n|-ability|p1b: Gyarados|Intimidate|boost\n|-unboost|p2a: Chien-Pao|atk|1\n|-unboost|p2b: Garganacl|atk|1\n|-ability|p1a: Ting-Lu|Vessel of Ruin\n|turn|1\n|\n|t:|1683141272\n|-terastallize|p2b: Garganacl|Normal\n|move|p2a: Chien-Pao|Protect|p2a: Chien-Pao\n|-singleturn|p2a: Chien-Pao|Protect\n|move|p1b: Gyarados|Thunder Wave|p2a: Chien-Pao\n|-activate|p2a: Chien-Pao|move: Protect\n|move|p1a: Ting-Lu|Ruination|p2b: Garganacl\n|-damage|p2b: Garganacl|51\/100\n|move|p2b: Garganacl|Explosion|p1a: Ting-Lu|[spread] p1a,p1b\n|-activate|p2a: Chien-Pao|move: Protect\n|-crit|p1a: Ting-Lu\n|-damage|p1a: Ting-Lu|0 fnt\n|-damage|p1b: Gyarados|0 fnt\n|faint|p2b: Garganacl\n|faint|p1a: Ting-Lu\n|faint|p1b: Gyarados\n|\n|upkeep\n|\n|t:|1683141290\n|switch|p1b: Chi-Yu|Chi-Yu, L50|100\/100\n|switch|p1a: Flutter Mane|Flutter Mane, L50|100\/100\n|switch|p2b: Grafaiai|Grafaiai, L50, F|100\/100\n|-ability|p1b: Chi-Yu|Beads of Ruin\n|-enditem|p1a: Flutter Mane|Booster Energy\n|-activate|p1a: Flutter Mane|ability: Protosynthesis|[fromitem]\n|-start|p1a: Flutter Mane|protosynthesisspa\n|turn|2\n|inactive|Disfrazdetigre has 30 seconds left.\n|inactive|Disfrazdetigre has 20 seconds left.\n|\n|t:|1683141326\n|move|p2b: Grafaiai|Copycat|p2b: Grafaiai\n|move|p2b: Grafaiai|Explosion|p1b: Chi-Yu|[from]move: Copycat|[spread] p2a\n|-immune|p1a: Flutter Mane\n|-hint|Since gen 7, Dark is immune to Prankster moves.\n|-immune|p1b: Chi-Yu\n|-enditem|p2a: Chien-Pao|Focus Sash\n|-damage|p2a: Chien-Pao|1\/100\n|faint|p2b: Grafaiai\n|move|p2a: Chien-Pao|Crunch|p1a: Flutter Mane\n|-crit|p1a: Flutter Mane\n|-damage|p1a: Flutter Mane|0 fnt\n|faint|p1a: Flutter Mane\n|-end|p1a: Flutter Mane|Protosynthesis|[silent]\n|move|p1b: Chi-Yu|Nasty Plot|p1b: Chi-Yu\n|-boost|p1b: Chi-Yu|spa|2\n|\n|upkeep\n|\n|t:|1683141338\n|switch|p2b: Iron Valiant|Iron Valiant, L50|100\/100\n|-enditem|p2b: Iron Valiant|Booster Energy\n|-activate|p2b: Iron Valiant|ability: Quark Drive|[fromitem]\n|-start|p2b: Iron Valiant|quarkdrivespe\n|turn|3\n|\n|t:|1683141347\n|-terastallize|p1b: Chi-Yu|Water\n|move|p2a: Chien-Pao|Sucker Punch|p1b: Chi-Yu\n|-damage|p1b: Chi-Yu|58\/100\n|move|p2b: Iron Valiant|Close Combat|p1b: Chi-Yu\n|-damage|p1b: Chi-Yu|0 fnt\n|-unboost|p2b: Iron Valiant|def|1\n|-unboost|p2b: Iron Valiant|spd|1\n|faint|p1b: Chi-Yu\n|\n|win|Disfrazdetigre\n|raw|Hadrian1917's rating: 1221 → 1196<\/strong> (-25 for losing)\n|raw|Disfrazdetigre's rating: 1220 → 1245<\/strong> (+25 for winning)\n","uploadtime":1683141364,"views":12,"p1id":"hadrian1917","p2id":"disfrazdetigre","formatid":"gen9vgc2023regulationc","rating":1196,"private":0,"password":""}