{"id":"gen9vgc2023regulationc-1844983629","p1":"Tlgork9top","p2":"CJCUTest","format":"[Gen 9] VGC 2023 Regulation C","log":"|j|\u2606Tlgork9top\n|j|\u2606CJCUTest\n|t:|1681670866\n|gametype|doubles\n|player|p1|Tlgork9top|1|1031\n|player|p2|CJCUTest|iono|1084\n|teamsize|p1|6\n|teamsize|p2|6\n|gen|9\n|tier|[Gen 9] VGC 2023 Regulation C\n|rated|\n|rule|Species Clause: Limit one of each Pok\u00e9mon\n|rule|Item Clause: Limit one of each item\n|clearpoke\n|poke|p1|Goodra, L50, M|\n|poke|p1|Ampharos, L50, M|\n|poke|p1|Toxtricity-Low-Key, L50, M|\n|poke|p1|Klefki, L50, M|\n|poke|p1|Brute Bonnet, L50|\n|poke|p1|Hariyama, L50, M|\n|poke|p2|Dragonite, L50, F|\n|poke|p2|Chi-Yu, L50|\n|poke|p2|Palafin, L50, F|\n|poke|p2|Amoonguss, L50, M|\n|poke|p2|Flutter Mane, L50|\n|poke|p2|Arcanine, L50, M|\n|teampreview|4\n|inactive|Battle timer is ON: inactive players will automatically lose when time's up. (requested by Tlgork9top)\n|\n|t:|1681670888\n|start\n|switch|p1a: Klefki|Klefki, L50, M|100\/100\n|switch|p1b: Hariyama|Hariyama, L50, M|100\/100\n|switch|p2a: Flutter Mane|Flutter Mane, L50|100\/100\n|switch|p2b: Chi-Yu|Chi-Yu, L50|100\/100\n|-ability|p2b: Chi-Yu|Beads of Ruin\n|turn|1\n|\n|t:|1681670899\n|-terastallize|p2a: Flutter Mane|Fairy\n|move|p2b: Chi-Yu|Protect|p2b: Chi-Yu\n|-singleturn|p2b: Chi-Yu|Protect\n|move|p1b: Hariyama|Fake Out|p2b: Chi-Yu\n|-activate|p2b: Chi-Yu|move: Protect\n|move|p1a: Klefki|Rain Dance|p1a: Klefki\n|-weather|RainDance\n|move|p2a: Flutter Mane|Dazzling Gleam|p1b: Hariyama|[spread] p1a,p1b\n|-resisted|p1a: Klefki\n|-supereffective|p1b: Hariyama\n|-damage|p1a: Klefki|50\/100\n|-damage|p1b: Hariyama|0 fnt\n|faint|p1b: Hariyama\n|\n|-weather|RainDance|[upkeep]\n|upkeep\n|\n|t:|1681670915\n|switch|p1b: Brute Bonnet|Brute Bonnet, L50|100\/100\n|turn|2\n|\n|t:|1681670931\n|move|p2a: Flutter Mane|Dazzling Gleam|p1b: Brute Bonnet|[spread] p1a,p1b\n|-resisted|p1a: Klefki\n|-supereffective|p1b: Brute Bonnet\n|-damage|p1a: Klefki|1\/100\n|-damage|p1b: Brute Bonnet|0 fnt\n|faint|p1b: Brute Bonnet\n|-end|p1b: Brute Bonnet|Protosynthesis|[silent]\n|move|p2b: Chi-Yu|Heat Wave|p1a: Klefki\n|-supereffective|p1a: Klefki\n|-damage|p1a: Klefki|0 fnt\n|faint|p1a: Klefki\n|\n|-weather|RainDance|[upkeep]\n|upkeep\n|-message|Tlgork9top forfeited.\n|\n|win|CJCUTest\n|raw|Tlgork9top's rating: 1031 → 1019<\/strong> (-12 for losing)\n|raw|CJCUTest's rating: 1084 → 1107<\/strong> (+23 for winning)\n|l|\u2606Tlgork9top\n","uploadtime":1681670945,"views":7,"p1id":"tlgork9top","p2id":"cjcutest","formatid":"gen9vgc2023regulationc","rating":1019,"private":0,"password":""}