{"id":"gen9vgc2023regulationc-1856090661","p1":"NewRegret","p2":"Piehead","format":"[Gen 9] VGC 2023 Regulation C","log":"|j|\u2606NewRegret\n|j|\u2606Piehead\n|t:|1683028971\n|gametype|doubles\n|player|p1|NewRegret|lyra|1236\n|player|p2|Piehead|2|1156\n|teamsize|p1|6\n|teamsize|p2|6\n|gen|9\n|tier|[Gen 9] VGC 2023 Regulation C\n|rated|\n|rule|Species Clause: Limit one of each Pok\u00e9mon\n|rule|Item Clause: Limit one of each item\n|clearpoke\n|poke|p1|Chi-Yu, L50|\n|poke|p1|Gyarados, L50, M|\n|poke|p1|Baxcalibur, L50, M|\n|poke|p1|Great Tusk, L50|\n|poke|p1|Farigiraf, L50, F|\n|poke|p1|Scizor, L50, F|\n|poke|p2|Garchomp, L50, F|\n|poke|p2|Medicham, L50, F|\n|poke|p2|Chien-Pao, L50|\n|poke|p2|Talonflame, L50, M|\n|poke|p2|Flutter Mane, L50|\n|poke|p2|Farigiraf, L50, F|\n|teampreview|4\n|\n|t:|1683029004\n|start\n|switch|p1a: Chi-Yu|Chi-Yu, L50|100\/100\n|switch|p1b: Farigiraf|Farigiraf, L50, F, shiny|100\/100\n|switch|p2a: Garchomp|Garchomp, L50, F|100\/100\n|switch|p2b: Medicham|Medicham, L50, F|100\/100\n|-ability|p1a: Chi-Yu|Beads of Ruin\n|turn|1\n|\n|t:|1683029024\n|-terastallize|p2a: Garchomp|Fire\n|move|p1a: Chi-Yu|Protect|p1a: Chi-Yu\n|-singleturn|p1a: Chi-Yu|Protect\n|move|p2b: Medicham|Skill Swap|p2a: Garchomp\n|-activate|p2b: Medicham|move: Skill Swap|||[of] p2a: Garchomp\n|move|p2a: Garchomp|Earthquake|p1b: Farigiraf|[spread] p2b,p1b\n|-activate|p1a: Chi-Yu|move: Protect\n|-damage|p2b: Medicham|0 fnt\n|-damage|p1b: Farigiraf|0 fnt\n|faint|p2b: Medicham\n|faint|p1b: Farigiraf\n|-damage|p2a: Garchomp|91\/100|[from] item: Life Orb\n|\n|upkeep\n|\n|t:|1683029053\n|switch|p2b: Talonflame|Talonflame, L50, M|100\/100\n|switch|p1b: Baxcalibur|Baxcalibur, L50, M|100\/100\n|turn|2\n|\n|t:|1683029076\n|move|p2b: Talonflame|Tailwind|p2b: Talonflame\n|-sidestart|p2: Piehead|move: Tailwind\n|move|p2a: Garchomp|Earthquake|p1b: Baxcalibur|[spread] p1a,p1b\n|-immune|p2b: Talonflame\n|-supereffective|p1a: Chi-Yu\n|-crit|p1b: Baxcalibur\n|-damage|p1a: Chi-Yu|0 fnt\n|-damage|p1b: Baxcalibur|0 fnt\n|faint|p1a: Chi-Yu\n|faint|p1b: Baxcalibur\n|-damage|p2a: Garchomp|81\/100|[from] item: Life Orb\n|\n|upkeep\n|-message|NewRegret forfeited.\n|\n|win|Piehead\n|raw|NewRegret's rating: 1236 → 1205<\/strong> (-31 for losing)\n|raw|Piehead's rating: 1156 → 1187<\/strong> (+31 for winning)\n|l|\u2606NewRegret\n","uploadtime":1683029092,"views":7,"p1id":"newregret","p2id":"piehead","formatid":"gen9vgc2023regulationc","rating":1187,"private":0,"password":""}