{"id":"gen9vgc2023regulationc-1861959059","p1":"SwampCorner","p2":"mauvellous","format":"[Gen 9] VGC 2023 Regulation C","log":"|j|\u2606SwampCorner\n|j|\u2606mauvellous\n|t:|1683824175\n|gametype|doubles\n|player|p1|SwampCorner|boarder|1318\n|player|p2|mauvellous|lady|1279\n|teamsize|p1|6\n|teamsize|p2|6\n|gen|9\n|tier|[Gen 9] VGC 2023 Regulation C\n|rated|\n|rule|Species Clause: Limit one of each Pok\u00e9mon\n|rule|Item Clause: Limit one of each item\n|clearpoke\n|poke|p1|Armarouge, L50, M|\n|poke|p1|Indeedee-F, L50, F|\n|poke|p1|Hatterene, L50, F|\n|poke|p1|Iron Hands, L50|\n|poke|p1|Kingambit, L50, M|\n|poke|p1|Torkoal, L50, M|\n|poke|p2|Indeedee-F, L50, F|\n|poke|p2|Armarouge, L50, M|\n|poke|p2|Hawlucha, L50, F|\n|poke|p2|Great Tusk, L50|\n|poke|p2|Flutter Mane, L50|\n|poke|p2|Chi-Yu, L50|\n|teampreview|4\n|inactive|Battle timer is ON: inactive players will automatically lose when time's up. (requested by mauvellous)\nSwampCorner has agreed to open team sheets.\n|inactive|mauvellous has 60 seconds left.\n|\n|t:|1683824211\n|start\n|switch|p1a: Armarouge|Armarouge, L50, M|100\/100\n|switch|p1b: Indeedee|Indeedee-F, L50, F|100\/100\n|switch|p2a: Indeedee|Indeedee-F, L50, F, shiny|100\/100\n|switch|p2b: Great Tusk|Great Tusk, L50, shiny|100\/100\n|-fieldstart|move: Psychic Terrain|[from] ability: Psychic Surge|[of] p2a: Indeedee\n|-enditem|p1b: Indeedee|Psychic Seed\n|-boost|p1b: Indeedee|spd|1|[from] item: Psychic Seed\n|turn|1\n|\n|t:|1683824233\n|switch|p2a: Hawlucha|Hawlucha, L50, F, shiny|100\/100\n|-enditem|p2a: Hawlucha|Psychic Seed\n|-boost|p2a: Hawlucha|spd|1|[from] item: Psychic Seed\n|-terastallize|p1a: Armarouge|Grass\n|move|p2b: Great Tusk|Earthquake|p1b: Indeedee|[spread] p1a,p1b\n|-immune|p2a: Hawlucha\n|-resisted|p1a: Armarouge\n|-damage|p1a: Armarouge|80\/100\n|-damage|p1b: Indeedee|60\/100\n|move|p1a: Armarouge|Expanding Force|p2a: Hawlucha|[spread] p2a,p2b\n|-supereffective|p2a: Hawlucha\n|-supereffective|p2b: Great Tusk\n|-damage|p2a: Hawlucha|0 fnt\n|-damage|p2b: Great Tusk|0 fnt\n|faint|p2a: Hawlucha\n|faint|p2b: Great Tusk\n|-end|p2b: Great Tusk|Protosynthesis|[silent]\n|move|p1b: Indeedee|Trick Room|p1b: Indeedee\n|-fieldstart|move: Trick Room|[of] p1b: Indeedee\n|\n|upkeep\n|\n|t:|1683824252\n|switch|p2b: Indeedee|Indeedee-F, L50, F, shiny|100\/100\n|switch|p2a: Armarouge|Armarouge, L50, M, shiny|100\/100\n|turn|2\n|\n|t:|1683824266\n|move|p1b: Indeedee|Helping Hand|p1a: Armarouge\n|-singleturn|p1a: Armarouge|Helping Hand|[of] p1b: Indeedee\n|move|p2a: Armarouge|Wide Guard|p2a: Armarouge\n|-singleturn|p2a: Armarouge|Wide Guard\n|move|p1a: Armarouge|Armor Cannon|p2b: Indeedee\n|-damage|p2b: Indeedee|27\/100\n|-unboost|p1a: Armarouge|def|1\n|-unboost|p1a: Armarouge|spd|1\n|move|p2b: Indeedee|Dazzling Gleam|p1b: Indeedee|[spread] p1a,p1b\n|-crit|p1b: Indeedee\n|-damage|p1a: Armarouge|57\/100\n|-damage|p1b: Indeedee|41\/100\n|\n|upkeep\n|turn|3\n|-message|mauvellous forfeited.\n|\n|win|SwampCorner\n|raw|SwampCorner's rating: 1318 → 1336<\/strong> (+18 for winning)\n|raw|mauvellous's rating: 1279 → 1257<\/strong> (-22 for losing)\n|l|\u2606mauvellous\n","uploadtime":1683824299,"views":12,"p1id":"swampcorner","p2id":"mauvellous","formatid":"gen9vgc2023regulationc","rating":1257,"private":0,"password":""}