{"id":"gen9vgc2023regulationc-1855910803","p1":"leafyarrow","p2":"PotatoFoe11","format":"[Gen 9] VGC 2023 Regulation C","log":"|j|\u2606leafyarrow\n|j|\u2606PotatoFoe11\n|t:|1682999394\n|gametype|doubles\n|player|p1|leafyarrow|leaf-gen3|\n|player|p2|PotatoFoe11|266|\n|teamsize|p1|6\n|teamsize|p2|6\n|gen|9\n|tier|[Gen 9] VGC 2023 Regulation C\n|rated|Tournament battle\n|rule|Species Clause: Limit one of each Pok\u00e9mon\n|rule|Item Clause: Limit one of each item\n|clearpoke\n|poke|p1|Flutter Mane, L50|\n|poke|p1|Palafin, L50, M|\n|poke|p1|Amoonguss, L50, M|\n|poke|p1|Ting-Lu, L50|\n|poke|p1|Arcanine, L50, F|\n|poke|p1|Kingambit, L50, M|\n|poke|p2|Rotom-Mow, L50|\n|poke|p2|Maushold, L50|\n|poke|p2|Chien-Pao, L50|\n|poke|p2|Flutter Mane, L50|\n|poke|p2|Arcanine, L50, M|\n|poke|p2|Great Tusk, L50|\n|teampreview|4\n|raw| Open Team Sheet for leafyarrow<\/summary>Flutter Mane @ Choice Specs Ability: Protosynthesis Level: 50 Tera Type: Fairy - Moonblast - Dazzling Gleam - Shadow Ball - Thunderbolt Palafin @ Mystic Water Ability: Zero to Hero Level: 50 Tera Type: Water - Jet Punch - Wave Crash - Haze - Protect Amoonguss @ Sitrus Berry Ability: Regenerator Level: 50 Tera Type: Water - Pollen Puff - Protect - Spore - Rage Powder Ting-Lu @ Assault Vest Ability: Vessel of Ruin Level: 50 Tera Type: Poison - Ruination - Stomping Tantrum - Heavy Slam - Fissure Arcanine @ Safety Goggles Ability: Intimidate Level: 50 Tera Type: Grass - Flare Blitz - Will-O-Wisp - Protect - Extreme Speed Kingambit @ Lum Berry Ability: Defiant Level: 50 Tera Type: Flying - Iron Head - Protect - Sucker Punch - Kowtow Cleave <\/details><\/div> Open Team Sheet for PotatoFoe11<\/summary>Rotom (Rotom-Mow) @ Leftovers Ability: Levitate Level: 50 Tera Type: Fire - Nasty Plot - Thunderbolt - Leaf Storm - Tera Blast Maushold @ Sitrus Berry Ability: Friend Guard Level: 50 Tera Type: Ghost - Follow Me - Super Fang - Taunt - Protect Chien-Pao @ Focus Sash Ability: Sword of Ruin Level: 50 Tera Type: Ghost - Ice Spinner - Sucker Punch - Sacred Sword - Protect Flutter Mane @ Booster Energy Ability: Protosynthesis Level: 50 Tera Type: Fairy - Shadow Ball - Dazzling Gleam - Mystical Fire - Protect Arcanine @ Safety Goggles Ability: Intimidate Level: 50 Tera Type: Water - Flare Blitz - Will-O-Wisp - Snarl - Protect Great Tusk @ Choice Scarf Ability: Protosynthesis Level: 50 Hidden Power: Fighting Tera Type: Ground - Earthquake - Headlong Rush - Close Combat - Rock Slide <\/details><\/div>\n|inactive|Battle timer is ON: inactive players will automatically lose when time's up. (requested by PotatoFoe11)\n|c|\u2606PotatoFoe11|Glhf\n|j| echohevy5555\n|inactive|leafyarrow has 60 seconds left.\n|c|\u2606leafyarrow|glhf\n|inactive|leafyarrow has 30 seconds left.\n|\n|t:|1682999462\n|start\n|switch|p1a: Arcanine|Arcanine, L50, F|100\/100\n|switch|p1b: Palafin|Palafin, L50, M|100\/100\n|switch|p2a: Rotom|Rotom-Mow, L50|100\/100\n|switch|p2b: Great Tusk|Great Tusk, L50|100\/100\n|-ability|p1a: Arcanine|Intimidate|boost\n|-unboost|p2a: Rotom|atk|1\n|-unboost|p2b: Great Tusk|atk|1\n|turn|1\n|inactive|leafyarrow has 30 seconds left.\n|inactive|PotatoFoe11 has 30 seconds left.\n|inactive|leafyarrow has 20 seconds left.\n|inactive|PotatoFoe11 has 20 seconds left.\n|inactive|PotatoFoe11 has 15 seconds left.\n|inactive|PotatoFoe11 has 10 seconds left.\n|inactive|PotatoFoe11 has 5 seconds left.\n|\n|t:|1682999517\n|detailschange|p1b: Palafin|Palafin-Hero, L50, M\n|switch|p1b: Amoonguss|Amoonguss, L50, M|100\/100\n|-terastallize|p1a: Arcanine|Grass\n|move|p2b: Great Tusk|Earthquake|p1b: Amoonguss|[spread] p1a,p1b\n|-immune|p2a: Rotom|[from] ability: Levitate\n|-resisted|p1a: Arcanine\n|-damage|p1a: Arcanine|86\/100\n|-damage|p1b: Amoonguss|79\/100\n|move|p2a: Rotom|Nasty Plot|p2a: Rotom\n|-boost|p2a: Rotom|spa|2\n|move|p1a: Arcanine|Flare Blitz|p2a: Rotom\n|-supereffective|p2a: Rotom\n|-damage|p2a: Rotom|0 fnt\n|faint|p2a: Rotom\n|-damage|p1a: Arcanine|65\/100|[from] Recoil\n|\n|upkeep\n|\n|t:|1682999521\n|switch|p2a: Flutter Mane|Flutter Mane, L50|100\/100\n|-enditem|p2a: Flutter Mane|Booster Energy\n|-activate|p2a: Flutter Mane|ability: Protosynthesis|[fromitem]\n|-start|p2a: Flutter Mane|protosynthesisspa\n|turn|2\n|inactive|leafyarrow has 30 seconds left.\n|inactive|leafyarrow has 20 seconds left.\n|inactive|leafyarrow has 15 seconds left.\n|inactive|leafyarrow has 10 seconds left.\n|inactive|leafyarrow has 5 seconds left.\n|\n|t:|1682999571\n|move|p2b: Great Tusk|Earthquake|p1b: Amoonguss|[spread] p2a,p1a,p1b\n|-resisted|p1a: Arcanine\n|-crit|p1a: Arcanine\n|-damage|p2a: Flutter Mane|47\/100\n|-damage|p1a: Arcanine|35\/100\n|-damage|p1b: Amoonguss|58\/100\n|move|p2a: Flutter Mane|Shadow Ball|p1b: Amoonguss\n|-damage|p1b: Amoonguss|8\/100\n|-enditem|p1b: Amoonguss|Sitrus Berry|[eat]\n|-heal|p1b: Amoonguss|33\/100|[from] item: Sitrus Berry\n|move|p1a: Arcanine|Will-O-Wisp|p2b: Great Tusk\n|-status|p2b: Great Tusk|brn\n|move|p1b: Amoonguss|Pollen Puff|p1a: Arcanine\n|-heal|p1a: Arcanine|85\/100\n|\n|-damage|p2b: Great Tusk|95\/100 brn|[from] brn\n|upkeep\n|turn|3\n|inactive|leafyarrow has 30 seconds left.\n|inactive|PotatoFoe11 has 30 seconds left.\n|inactive|leafyarrow has 20 seconds left.\n|inactive|PotatoFoe11 has 20 seconds left.\n|inactive|leafyarrow has 15 seconds left.\n|inactive|PotatoFoe11 has 15 seconds left.\n|j| teamskull_testing\n|inactive|leafyarrow has 10 seconds left.\n|inactive|PotatoFoe11 has 10 seconds left.\n|inactive|PotatoFoe11 has 5 seconds left.\n|\n|t:|1682999626\n|move|p1a: Arcanine|Protect|p1a: Arcanine\n|-singleturn|p1a: Arcanine|Protect\n|move|p1b: Amoonguss|Protect|p1b: Amoonguss\n|-singleturn|p1b: Amoonguss|Protect\n|move|p2b: Great Tusk|Earthquake|p1b: Amoonguss|[spread] p2a\n|-activate|p1a: Arcanine|move: Protect\n|-activate|p1b: Amoonguss|move: Protect\n|-damage|p2a: Flutter Mane|17\/100\n|move|p2a: Flutter Mane|Shadow Ball|p1a: Arcanine\n|-activate|p1a: Arcanine|move: Protect\n|\n|-damage|p2b: Great Tusk|89\/100 brn|[from] brn\n|upkeep\n|turn|4\n|l| teamskull_testing\n|inactive|leafyarrow has 30 seconds left.\n|inactive|PotatoFoe11 has 30 seconds left.\n|inactive|leafyarrow has 20 seconds left.\n|inactive|PotatoFoe11 has 20 seconds left.\n|inactive|PotatoFoe11 has 15 seconds left.\n|inactive|PotatoFoe11 has 10 seconds left.\n|inactive|PotatoFoe11 has 5 seconds left.\n|\n|t:|1682999681\n|switch|p1b: Kingambit|Kingambit, L50, M|100\/100\n|move|p2b: Great Tusk|Earthquake|p1a: Arcanine|[spread] p2a,p1a,p1b\n|-resisted|p1a: Arcanine\n|-supereffective|p1b: Kingambit\n|-damage|p2a: Flutter Mane|0 fnt\n|-damage|p1a: Arcanine|79\/100\n|-damage|p1b: Kingambit|82\/100\n|faint|p2a: Flutter Mane\n|-end|p2a: Flutter Mane|Protosynthesis|[silent]\n|move|p1a: Arcanine|Flare Blitz|p2b: Great Tusk\n|-damage|p2b: Great Tusk|50\/100 brn\n|-damage|p1a: Arcanine|67\/100|[from] Recoil\n|\n|-damage|p2b: Great Tusk|45\/100 brn|[from] brn\n|upkeep\n|inactive|PotatoFoe11 has 30 seconds left.\n|inactive|PotatoFoe11 has 20 seconds left.\n|inactive|PotatoFoe11 has 15 seconds left.\n|j| luzonvgc\n|inactive|PotatoFoe11 has 10 seconds left.\n|inactive|PotatoFoe11 has 5 seconds left.\n|\n|t:|1682999736\n|switch|p2a: Maushold|Maushold, L50|100\/100\n|turn|5\n|inactive|leafyarrow has 30 seconds left.\n|inactive|PotatoFoe11 has 30 seconds left.\n|inactive|PotatoFoe11 has 20 seconds left.\n|inactive|PotatoFoe11 has 15 seconds left.\n|\n|t:|1682999780\n|move|p2a: Maushold|Follow Me|p2a: Maushold\n|-singleturn|p2a: Maushold|move: Follow Me\n|move|p1b: Kingambit|Sucker Punch||[still]\n|-fail|p1b: Kingambit\n|move|p2b: Great Tusk|Earthquake|p1b: Kingambit|[spread] p2a,p1a,p1b\n|-resisted|p1a: Arcanine\n|-crit|p1a: Arcanine\n|-supereffective|p1b: Kingambit\n|-damage|p2a: Maushold|83\/100\n|-damage|p1a: Arcanine|51\/100\n|-damage|p1b: Kingambit|61\/100\n|move|p1a: Arcanine|Flare Blitz|p2a: Maushold\n|-damage|p2a: Maushold|13\/100\n|-enditem|p2a: Maushold|Sitrus Berry|[eat]\n|-heal|p2a: Maushold|38\/100|[from] item: Sitrus Berry\n|-damage|p1a: Arcanine|31\/100|[from] Recoil\n|\n|-damage|p2b: Great Tusk|39\/100 brn|[from] brn\n|upkeep\n|turn|6\n|inactive|leafyarrow has 30 seconds left.\n|\n|t:|1682999810\n|switch|p1b: Amoonguss|Amoonguss, L50, M|66\/100\n|move|p2b: Great Tusk|Earthquake|p1b: Amoonguss|[spread] p2a,p1a,p1b\n|-resisted|p1a: Arcanine\n|-crit|p1a: Arcanine\n|-damage|p2a: Maushold|23\/100\n|-damage|p1a: Arcanine|16\/100\n|-damage|p1b: Amoonguss|55\/100\n|move|p2a: Maushold|Super Fang|p1b: Amoonguss\n|-damage|p1b: Amoonguss|28\/100\n|move|p1a: Arcanine|Flare Blitz|p2b: Great Tusk\n|-damage|p2b: Great Tusk|8\/100 brn\n|-damage|p1a: Arcanine|7\/100|[from] Recoil\n|\n|-damage|p2b: Great Tusk|2\/100 brn|[from] brn\n|upkeep\n|turn|7\n|\n|t:|1682999826\n|move|p1a: Arcanine|Protect|p1a: Arcanine\n|-singleturn|p1a: Arcanine|Protect\n|move|p1b: Amoonguss|Protect|p1b: Amoonguss\n|-singleturn|p1b: Amoonguss|Protect\n|move|p2b: Great Tusk|Earthquake|p1a: Arcanine|[spread] p2a\n|-activate|p1a: Arcanine|move: Protect\n|-activate|p1b: Amoonguss|move: Protect\n|-damage|p2a: Maushold|7\/100\n|move|p2a: Maushold|Super Fang|p1a: Arcanine\n|-activate|p1a: Arcanine|move: Protect\n|\n|-damage|p2b: Great Tusk|0 fnt|[from] brn\n|faint|p2b: Great Tusk\n|-end|p2b: Great Tusk|Protosynthesis|[silent]\n|upkeep\n|turn|8\n|c|\u2606PotatoFoe11|Gg\n|c|\u2606leafyarrow|gg\n|\n|t:|1682999846\n|move|p2a: Maushold|Follow Me|p2a: Maushold\n|-singleturn|p2a: Maushold|move: Follow Me\n|move|p1a: Arcanine|Extreme Speed|p2a: Maushold\n|-damage|p2a: Maushold|0 fnt\n|faint|p2a: Maushold\n|\n|win|leafyarrow\n|n|\u2606leafyarrow|leafyarrow\n|n|\u2606PotatoFoe11|potatofoe11\n|n| echohevy5555|echohevy5555\n|n| luzonvgc|luzonvgc\n","uploadtime":1682999854,"views":18,"p1id":"leafyarrow","p2id":"potatofoe11","formatid":"gen9vgc2023regulationc","rating":0,"private":0,"password":""}