{"id":"gen9vgc2023regulationc-1851019869","p1":"memeshe","p2":"SapphicAshley","format":"[Gen 9] VGC 2023 Regulation C","log":"|j|\u2606memeshe\n|j|\u2606SapphicAshley\n|t:|1682395005\n|gametype|doubles\n|player|p1|memeshe|2|1050\n|player|p2|SapphicAshley|cynthia|1104\n|teamsize|p1|6\n|teamsize|p2|6\n|gen|9\n|tier|[Gen 9] VGC 2023 Regulation C\n|rated|\n|rule|Species Clause: Limit one of each Pok\u00e9mon\n|rule|Item Clause: Limit one of each item\n|clearpoke\n|poke|p1|Numel, L50, F|\n|poke|p1|Dachsbun, L50, M|\n|poke|p1|Tatsugiri, L50, F|\n|poke|p1|Bombirdier, L50, F|\n|poke|p1|Espathra, L50, F|\n|poke|p1|Vivillon, L50, M|\n|poke|p2|Dragapult, L50, M|\n|poke|p2|Azumarill, L50, F|\n|poke|p2|Arcanine, L50, F|\n|poke|p2|Chien-Pao, L50|\n|poke|p2|Flutter Mane, L50|\n|poke|p2|Amoonguss, L50, F|\n|teampreview|4\n|inactive|Battle timer is ON: inactive players will automatically lose when time's up. (requested by memeshe)\nSapphicAshley has agreed to open team sheets.\n|inactive|SapphicAshley has 60 seconds left.\n|\n|t:|1682395043\n|start\n|switch|p1a: Numel|Numel, L50, F|100\/100\n|switch|p1b: Bombirdier|Bombirdier, L50, F|100\/100\n|switch|p2a: Azumarill|Azumarill, L50, F|100\/100\n|switch|p2b: Diego|Chien-Pao, L50|100\/100\n|-ability|p2b: Diego|Sword of Ruin\n|turn|1\n|\n|t:|1682395064\n|switch|p1b: Tatsugiri|Tatsugiri, L50, F|100\/100\n|move|p2b: Diego|Ice Spinner|p1b: Tatsugiri\n|-damage|p1b: Tatsugiri|0 fnt\n|faint|p1b: Tatsugiri\n|move|p2a: Azumarill|Liquidation|p1a: Numel\n|-supereffective|p1a: Numel\n|-damage|p1a: Numel|0 fnt\n|faint|p1a: Numel\n|\n|upkeep\n|-message|memeshe forfeited.\n|\n|win|SapphicAshley\n|raw|memeshe's rating: 1050 → 1035<\/strong> (-15 for losing)\n|raw|SapphicAshley's rating: 1104 → 1125<\/strong> (+21 for winning)\n|l|\u2606memeshe\n","uploadtime":1682395086,"views":12,"p1id":"memeshe","p2id":"sapphicashley","formatid":"gen9vgc2023regulationc","rating":1035,"private":0,"password":""}