{"id":"gen9vgc2023regulationc-1855746032","p1":"willster507","p2":"SpadesHS","format":"[Gen 9] VGC 2023 Regulation C","log":"|j|\u2606willster507\n|j|\u2606SpadesHS\n|t:|1682979350\n|gametype|doubles\n|player|p1|willster507|265|\n|player|p2|SpadesHS|n|\n|teamsize|p1|6\n|teamsize|p2|6\n|gen|9\n|tier|[Gen 9] VGC 2023 Regulation C\n|rule|Species Clause: Limit one of each Pok\u00e9mon\n|rule|Item Clause: Limit one of each item\n|clearpoke\n|poke|p1|Pincurchin, L50, F|\n|poke|p1|Rabsca, L50, F|\n|poke|p1|Iron Moth, L50|\n|poke|p1|Iron Valiant, L50|\n|poke|p1|Iron Thorns, L50|\n|poke|p1|Toedscruel, L50, M|\n|poke|p2|Amoonguss, L50, F|\n|poke|p2|Palafin, L50, F|\n|poke|p2|Arcanine, L50, M|\n|poke|p2|Ting-Lu, L50|\n|poke|p2|Kingambit, L50, F|\n|poke|p2|Flutter Mane, L50|\n|teampreview|4\n|c|\u2606SpadesHS|Those are heat mons\n|c|\u2606willster507|ikr\n|\n|t:|1682979398\n|start\n|switch|p1a: teetarr|Iron Thorns, L50|100\/100\n|switch|p1b: miraidog|Pincurchin, L50, F|100\/100\n|switch|p2a: Fun Police|Arcanine, L50, M|100\/100\n|switch|p2b: Tiki|Ting-Lu, L50|100\/100\n|-ability|p2a: Fun Police|Intimidate|boost\n|-unboost|p1a: teetarr|atk|1\n|-unboost|p1b: miraidog|atk|1\n|-ability|p2b: Tiki|Vessel of Ruin\n|-fieldstart|move: Electric Terrain|[from] ability: Electric Surge|[of] p1b: miraidog\n|-activate|p1a: teetarr|ability: Quark Drive\n|-start|p1a: teetarr|quarkdriveatk\n|turn|1\n|\n|t:|1682979414\n|-end|p1a: teetarr|Quark Drive|[silent]\n|switch|p1a: Amongus|Toedscruel, L50, M|100\/100\n|-terastallize|p2a: Fun Police|Flying\n|move|p1b: miraidog|Protect|p1b: miraidog\n|-singleturn|p1b: miraidog|Protect\n|move|p2a: Fun Police|Howl|p2a: Fun Police|[spread] p2a,p2b\n|-boost|p2a: Fun Police|atk|1\n|-boost|p2b: Tiki|atk|1\n|move|p2b: Tiki|Earthquake|p1b: miraidog|[spread] p1a\n|-activate|p1b: miraidog|move: Protect\n|-immune|p2a: Fun Police\n|-resisted|p1a: Amongus\n|-damage|p1a: Amongus|64\/100\n|\n|upkeep\n|turn|2\n|\n|t:|1682979438\n|move|p2a: Fun Police|Flare Blitz|p1a: Amongus\n|-supereffective|p1a: Amongus\n|-damage|p1a: Amongus|0 fnt\n|faint|p1a: Amongus\n|-damage|p2a: Fun Police|81\/100|[from] Recoil\n|move|p2b: Tiki|Earthquake|p1b: miraidog|[spread] p1b\n|-immune|p2a: Fun Police\n|-supereffective|p1b: miraidog\n|-damage|p1b: miraidog|0 fnt\n|faint|p1b: miraidog\n|\n|upkeep\n|\n|t:|1682979443\n|switch|p1a: bug|Rabsca, L50, F|100\/100\n|switch|p1b: teetarr|Iron Thorns, L50|100\/100\n|-activate|p1b: teetarr|ability: Quark Drive\n|-start|p1b: teetarr|quarkdriveatk\n|turn|3\n|\n|t:|1682979454\n|move|p2a: Fun Police|Flare Blitz|p1a: bug\n|-supereffective|p1a: bug\n|-damage|p1a: bug|0 fnt\n|faint|p1a: bug\n|-damage|p2a: Fun Police|50\/100|[from] Recoil\n|move|p2b: Tiki|Earthquake|p1b: teetarr|[spread] p1b\n|-immune|p2a: Fun Police\n|-supereffective|p1b: teetarr\n|-damage|p1b: teetarr|0 fnt\n|faint|p1b: teetarr\n|-end|p1b: teetarr|Quark Drive|[silent]\n|\n|win|SpadesHS\n|c|\u2606willster507|yeah I have answer for that\n|c|\u2606willster507|totally\n|j| DJSen\n|l| DJSen\n","uploadtime":1682979614,"views":16,"p1id":"willster507","p2id":"spadeshs","formatid":"gen9vgc2023regulationc","rating":0,"private":0,"password":""}