{"id":"gen9vgc2023regulationc-1858639493","p1":"MidianVGC","p2":"Disfrazdetigre","format":"[Gen 9] VGC 2023 Regulation C","log":"|j|\u2606MidianVGC\n|j|\u2606Disfrazdetigre\n|t:|1683335894\n|gametype|doubles\n|player|p1|MidianVGC|265|1383\n|player|p2|Disfrazdetigre|colress|1416\n|teamsize|p1|6\n|teamsize|p2|6\n|gen|9\n|tier|[Gen 9] VGC 2023 Regulation C\n|rated|\n|rule|Species Clause: Limit one of each Pok\u00e9mon\n|rule|Item Clause: Limit one of each item\n|clearpoke\n|poke|p1|Iron Moth, L50|\n|poke|p1|Garganacl, L50, M|\n|poke|p1|Ting-Lu, L50|\n|poke|p1|Bronzong, L50|\n|poke|p1|Gholdengo, L50|\n|poke|p1|Roaring Moon, L50|\n|poke|p2|Grafaiai, L50, F|\n|poke|p2|Flamigo, L50, M|\n|poke|p2|Chi-Yu, L50|\n|poke|p2|Chien-Pao, L50|\n|poke|p2|Garganacl, L50, F|\n|poke|p2|Flutter Mane, L50|\n|teampreview|4\n|inactive|Battle timer is ON: inactive players will automatically lose when time's up. (requested by Disfrazdetigre)\n|\n|t:|1683335944\n|start\n|switch|p1a: Gholdengo|Gholdengo, L50|100\/100\n|switch|p1b: Roaring Moon|Roaring Moon, L50, shiny|100\/100\n|switch|p2a: Flutter Mane|Flutter Mane, L50|100\/100\n|switch|p2b: Chi-Yu|Chi-Yu, L50|100\/100\n|-ability|p2b: Chi-Yu|Beads of Ruin\n|-enditem|p1b: Roaring Moon|Booster Energy\n|-activate|p1b: Roaring Moon|ability: Protosynthesis|[fromitem]\n|-start|p1b: Roaring Moon|protosynthesisspe\n|turn|1\n|inactive|MidianVGC has 30 seconds left.\n|inactive|Disfrazdetigre has 30 seconds left.\n|inactive|MidianVGC has 20 seconds left.\n|inactive|Disfrazdetigre has 20 seconds left.\n|inactive|MidianVGC has 15 seconds left.\n|inactive|Disfrazdetigre has 15 seconds left.\n|inactive|MidianVGC has 10 seconds left.\n|\n|t:|1683335990\n|-end|p2a: Flutter Mane|Protosynthesis|[silent]\n|switch|p2a: Duma|Garganacl, L50, F|100\/100\n|-terastallize|p1a: Gholdengo|Water\n|move|p1b: Roaring Moon|Air Slash|p2a: Duma\n|-resisted|p2a: Duma\n|-damage|p2a: Duma|95\/100\n|move|p1a: Gholdengo|Tera Blast|p2b: Chi-Yu\n|-supereffective|p2b: Chi-Yu\n|-damage|p2b: Chi-Yu|0 fnt\n|faint|p2b: Chi-Yu\n|\n|upkeep\n|\n|t:|1683336012\n|switch|p2b: Nergal|Chien-Pao, L50|100\/100\n|-ability|p2b: Nergal|Sword of Ruin\n|turn|2\n|inactive|MidianVGC has 30 seconds left.\n|inactive|MidianVGC has 20 seconds left.\n|\n|t:|1683336051\n|switch|p1a: Iron Moth|Iron Moth, L50, shiny|100\/100\n|-terastallize|p2a: Duma|Normal\n|move|p2b: Nergal|Protect|p2b: Nergal\n|-singleturn|p2b: Nergal|Protect\n|move|p1b: Roaring Moon|Tailwind|p1b: Roaring Moon\n|-sidestart|p1: MidianVGC|move: Tailwind\n|move|p2a: Duma|Explosion|p1b: Roaring Moon|[spread] p1a,p1b\n|-activate|p2b: Nergal|move: Protect\n|-damage|p1a: Iron Moth|0 fnt\n|-damage|p1b: Roaring Moon|0 fnt\n|faint|p2a: Duma\n|faint|p1a: Iron Moth\n|-end|p1a: Iron Moth|Quark Drive|[silent]\n|faint|p1b: Roaring Moon\n|-end|p1b: Roaring Moon|Protosynthesis|[silent]\n|\n|upkeep\n|c|\u2606MidianVGC|YOOOO\n|inactive|MidianVGC has 30 seconds left.\n|c|\u2606MidianVGC|explosion Garg thats pretty neat!\n|\n|t:|1683336083\n|switch|p1b: Ting-Lu|Ting-Lu, L50|100\/100\n|switch|p1a: Gholdengo|Gholdengo, L50, tera:Water|100\/100\n|switch|p2a: Flutter Mane|Flutter Mane, L50|100\/100\n|-ability|p1b: Ting-Lu|Vessel of Ruin\n|turn|3\n|c|\u2606Disfrazdetigre|:)\n|inactive|MidianVGC has 30 seconds left.\n|\n|t:|1683336115\n|move|p2b: Nergal|Sucker Punch|p1a: Gholdengo\n|-damage|p1a: Gholdengo|48\/100\n|move|p1a: Gholdengo|Make It Rain|p2b: Nergal|[spread] p2a,p2b\n|-supereffective|p2a: Flutter Mane\n|-supereffective|p2b: Nergal\n|-damage|p2a: Flutter Mane|20\/100\n|-enditem|p2b: Nergal|Focus Sash\n|-damage|p2b: Nergal|1\/100\n|-unboost|p1a: Gholdengo|spa|1\n|move|p2a: Flutter Mane|Moonblast|p1a: Gholdengo\n|-damage|p1a: Gholdengo|0 fnt\n|faint|p1a: Gholdengo\n|move|p1b: Ting-Lu|Rock Slide|p2b: Nergal|[spread] p2a,p2b\n|-crit|p2a: Flutter Mane\n|-supereffective|p2b: Nergal\n|-damage|p2a: Flutter Mane|0 fnt\n|-damage|p2b: Nergal|0 fnt\n|faint|p2a: Flutter Mane\n|-end|p2a: Flutter Mane|Protosynthesis|[silent]\n|faint|p2b: Nergal\n|\n|win|MidianVGC\n|raw|MidianVGC's rating: 1383 → 1405<\/strong> (+22 for winning)\n|raw|Disfrazdetigre's rating: 1416 → 1394<\/strong> (-22 for losing)\n","uploadtime":1683336141,"views":21,"p1id":"midianvgc","p2id":"disfrazdetigre","formatid":"gen9vgc2023regulationc","rating":1394,"private":0,"password":""}