{"id":"gen9vgc2023regulationc-1850738827","p1":"stinkypoops","p2":"Kim Wexler Gaming","format":"[Gen 9] VGC 2023 Regulation C","log":"|j|\u2606stinkypoops\n|j|\u2606Kim Wexler Gaming\n|t:|1682363477\n|gametype|doubles\n|player|p1|stinkypoops|klara|1133\n|player|p2|Kim Wexler Gaming|penny|1147\n|teamsize|p1|6\n|teamsize|p2|6\n|gen|9\n|tier|[Gen 9] VGC 2023 Regulation C\n|rated|\n|rule|Species Clause: Limit one of each Pok\u00e9mon\n|rule|Item Clause: Limit one of each item\n|clearpoke\n|poke|p1|Palafin, L50, F|\n|poke|p1|Scream Tail, L50|\n|poke|p1|Flutter Mane, L50|\n|poke|p1|Amoonguss, L50, F|\n|poke|p1|Arcanine, L50, F|\n|poke|p1|Gothitelle, L50, M|\n|poke|p2|Iron Jugulis, L50|\n|poke|p2|Garchomp, L50, F|\n|poke|p2|Chien-Pao, L50|\n|poke|p2|Kilowattrel, L50, F|\n|poke|p2|Mismagius, L50, F|\n|poke|p2|Ting-Lu, L50|\n|teampreview|4\n|inactive|Battle timer is ON: inactive players will automatically lose when time's up. (requested by Kim Wexler Gaming)\nstinkypoops has agreed to open team sheets.\n|c|\u2606Kim Wexler Gaming|Good luck, Wolfey.\nKim Wexler Gaming rejected open team sheets.\n|inactive|stinkypoops has 60 seconds left.\n|c|\u2606stinkypoops|oh dude, I am nowhere near his level but good luck to you too\n|inactive|stinkypoops has 30 seconds left.\n|\n|t:|1682363539\n|start\n|switch|p1a: INEEDAHERO|Palafin, L50, F|100\/100\n|switch|p1b: AAAAAAAAAAAA|Scream Tail, L50, shiny|100\/100\n|switch|p2a: Whaaaaaat.|Iron Jugulis, L50|100\/100\n|switch|p2b: Dommy Mommy|Garchomp, L50, F, shiny|100\/100\n|-enditem|p2a: Whaaaaaat.|Booster Energy\n|-activate|p2a: Whaaaaaat.|ability: Quark Drive|[fromitem]\n|-start|p2a: Whaaaaaat.|quarkdrivespe\n|-enditem|p1b: AAAAAAAAAAAA|Booster Energy\n|-activate|p1b: AAAAAAAAAAAA|ability: Protosynthesis|[fromitem]\n|-start|p1b: AAAAAAAAAAAA|protosynthesisspe\n|turn|1\n|l|\u2606Kim Wexler Gaming\n|inactive|Kim Wexler Gaming disconnected and has a minute to reconnect!\n|player|p2|\n|inactive|stinkypoops has 30 seconds left.\n|inactive|stinkypoops has 20 seconds left.\n|inactive|stinkypoops has 15 seconds left.\n|\n|t:|1682363583\n|-terastallize|p1a: INEEDAHERO|Water\n|move|p1b: AAAAAAAAAAAA|Protect|p1b: AAAAAAAAAAAA\n|-singleturn|p1b: AAAAAAAAAAAA|Protect\n|move|p2a: Whaaaaaat.|Tailwind|p2a: Whaaaaaat.\n|-sidestart|p2: Kim Wexler Gaming|move: Tailwind\n|move|p2b: Dommy Mommy|Swords Dance|p2b: Dommy Mommy\n|-boost|p2b: Dommy Mommy|atk|2\n|move|p1a: INEEDAHERO|Wave Crash|p2a: Whaaaaaat.\n|-crit|p2a: Whaaaaaat.\n|-damage|p2a: Whaaaaaat.|0 fnt\n|faint|p2a: Whaaaaaat.\n|-end|p2a: Whaaaaaat.|Quark Drive|[silent]\n|-damage|p1a: INEEDAHERO|72\/100|[from] Recoil\n|\n|upkeep\n|inactive|Kim Wexler Gaming has 30 seconds left.\n|j|\u2606Kim Wexler Gaming\n|inactive|Kim Wexler Gaming reconnected and has 30 seconds left.\n|player|p2|Kim Wexler Gaming|penny\n|inactive|Kim Wexler Gaming has 20 seconds left.\n|\n|t:|1682363618\n|switch|p2a: Tara|Chien-Pao, L50|100\/100\n|-ability|p2a: Tara|Sword of Ruin\n|-item|p2a: Tara|Air Balloon\n|turn|2\n|inactive|stinkypoops has 30 seconds left.\n|inactive|stinkypoops has 20 seconds left.\n|inactive|stinkypoops has 15 seconds left.\n|inactive|stinkypoops has 10 seconds left.\n|inactive|stinkypoops has 5 seconds left.\n|\n|t:|1682363674\n|-terastallize|p2a: Tara|Flying\n|move|p1b: AAAAAAAAAAAA|Protect||[still]\n|-fail|p1b: AAAAAAAAAAAA\n|move|p1a: INEEDAHERO|Protect|p1a: INEEDAHERO\n|-singleturn|p1a: INEEDAHERO|Protect\n|move|p2a: Tara|Icicle Crash|p1b: AAAAAAAAAAAA|[miss]\n|-miss|p2a: Tara|p1b: AAAAAAAAAAAA\n|move|p2b: Dommy Mommy|Earthquake|p1a: INEEDAHERO|[spread] p1b\n|-activate|p1a: INEEDAHERO|move: Protect\n|-immune|p2a: Tara\n|-damage|p1b: AAAAAAAAAAAA|26\/100\n|\n|upkeep\n|turn|3\n|-message|stinkypoops forfeited.\n|\n|win|Kim Wexler Gaming\n|raw|stinkypoops's rating: 1133 → 1109<\/strong> (-24 for losing)\n|raw|Kim Wexler Gaming's rating: 1147 → 1171<\/strong> (+24 for winning)\n|l|\u2606stinkypoops\n","uploadtime":1682363686,"views":22,"p1id":"stinkypoops","p2id":"kimwexlergaming","formatid":"gen9vgc2023regulationc","rating":1109,"private":0,"password":""}