{"id":"gen9vgc2023regulationc-1850642309","p1":"nastyman21","p2":"arbokiara","format":"[Gen 9] VGC 2023 Regulation C","log":"|j|\u2606nastyman21\n|j|\u2606arbokiara\n|t:|1682355438\n|gametype|doubles\n|player|p1|nastyman21|gentleman|1259\n|player|p2|arbokiara|shadowtriad|1342\n|teamsize|p1|6\n|teamsize|p2|6\n|gen|9\n|tier|[Gen 9] VGC 2023 Regulation C\n|rated|\n|rule|Species Clause: Limit one of each Pok\u00e9mon\n|rule|Item Clause: Limit one of each item\n|clearpoke\n|poke|p1|Ting-Lu, L50|\n|poke|p1|Iron Hands, L50|\n|poke|p1|Gholdengo, L50|\n|poke|p1|Flutter Mane, L50|\n|poke|p1|Armarouge, L50, M|\n|poke|p1|Amoonguss, L50, F|\n|poke|p2|Flutter Mane, L50|\n|poke|p2|Great Tusk, L50|\n|poke|p2|Chi-Yu, L50|\n|poke|p2|Murkrow, L50, F|\n|poke|p2|Maushold-Four, L50|\n|poke|p2|Gyarados, L50, M|\n|teampreview|4\n|inactive|Battle timer is ON: inactive players will automatically lose when time's up. (requested by arbokiara)\narbokiara has agreed to open team sheets.\n|inactive|nastyman21 has 60 seconds left.\n|inactive|arbokiara has 60 seconds left.\n|inactive|arbokiara has 30 seconds left.\n|\n|t:|1682355504\n|start\n|switch|p1a: Iron Hands|Iron Hands, L50|100\/100\n|switch|p1b: Ting-Lu|Ting-Lu, L50|100\/100\n|switch|p2a: Murkrow|Murkrow, L50, F|100\/100\n|switch|p2b: Great Tusk|Great Tusk, L50|100\/100\n|-ability|p1b: Ting-Lu|Vessel of Ruin\n|turn|1\n|\n|t:|1682355526\n|move|p1a: Iron Hands|Fake Out|p2b: Great Tusk\n|-crit|p2b: Great Tusk\n|-damage|p2b: Great Tusk|82\/100\n|move|p2a: Murkrow|Sunny Day|p2a: Murkrow\n|-weather|SunnyDay\n|-activate|p2b: Great Tusk|ability: Protosynthesis\n|-start|p2b: Great Tusk|protosynthesisatk\n|cant|p2b: Great Tusk|flinch\n|move|p1b: Ting-Lu|Fissure|p2b: Great Tusk\n|-damage|p2b: Great Tusk|0 fnt\n|faint|p2b: Great Tusk\n|-end|p2b: Great Tusk|Protosynthesis|[silent]\n|-ohko\n|\n|-weather|SunnyDay|[upkeep]\n|upkeep\n|\n|t:|1682355538\n|switch|p2b: Gyarados|Gyarados, L50, M|100\/100\n|-ability|p2b: Gyarados|Intimidate|boost\n|-unboost|p1a: Iron Hands|atk|1\n|-unboost|p1b: Ting-Lu|atk|1\n|turn|2\n|\n|t:|1682355553\n|switch|p2b: Flutter Mane|Flutter Mane, L50|100\/100\n|-activate|p2b: Flutter Mane|ability: Protosynthesis\n|-start|p2b: Flutter Mane|protosynthesisspe\n|move|p2a: Murkrow|Tailwind|p2a: Murkrow\n|-sidestart|p2: arbokiara|move: Tailwind\n|move|p1b: Ting-Lu|Heavy Slam|p2a: Murkrow\n|-damage|p2a: Murkrow|48\/100\n|move|p1a: Iron Hands|Wild Charge|p2b: Flutter Mane\n|-damage|p2b: Flutter Mane|48\/100\n|-damage|p1a: Iron Hands|92\/100|[from] Recoil\n|\n|-weather|SunnyDay|[upkeep]\n|upkeep\n|turn|3\n|inactive|arbokiara has 30 seconds left.\n|\n|t:|1682355579\n|switch|p2a: Gyarados|Gyarados, L50, M|100\/100\n|-ability|p2a: Gyarados|Intimidate|boost\n|-unboost|p1a: Iron Hands|atk|1\n|-unboost|p1b: Ting-Lu|atk|1\n|-terastallize|p2b: Flutter Mane|Fairy\n|move|p2b: Flutter Mane|Moonblast|p1b: Ting-Lu\n|-supereffective|p1b: Ting-Lu\n|-damage|p1b: Ting-Lu|50\/100\n|move|p1b: Ting-Lu|Heavy Slam|p2b: Flutter Mane\n|-supereffective|p2b: Flutter Mane\n|-damage|p2b: Flutter Mane|0 fnt\n|faint|p2b: Flutter Mane\n|-end|p2b: Flutter Mane|Protosynthesis|[silent]\n|move|p1a: Iron Hands|Wild Charge|p2a: Gyarados\n|-supereffective|p2a: Gyarados\n|-damage|p2a: Gyarados|0 fnt\n|faint|p2a: Gyarados\n|-damage|p1a: Iron Hands|70\/100|[from] Recoil\n|\n|-weather|SunnyDay|[upkeep]\n|upkeep\n|c|\u2606nastyman21|gg\n|-message|arbokiara forfeited.\n|\n|win|nastyman21\n|raw|nastyman21's rating: 1259 → 1290<\/strong> (+31 for winning)\n|raw|arbokiara's rating: 1342 → 1317<\/strong> (-25 for losing)\n|l|\u2606arbokiara\n","uploadtime":1682355599,"views":13,"p1id":"nastyman21","p2id":"arbokiara","formatid":"gen9vgc2023regulationc","rating":1290,"private":0,"password":""}