{"id":"gen9vgc2023regulationc-1857930603","p1":"starburst48763","p2":"SM0KESgirl","format":"[Gen 9] VGC 2023 Regulation C","log":"|j|\u2606starburst48763\n|j|\u2606SM0KESgirl\n|t:|1683248752\n|gametype|doubles\n|player|p1|starburst48763|elesa-masters|1392\n|player|p2|SM0KESgirl|skyla|1304\n|teamsize|p1|6\n|teamsize|p2|6\n|gen|9\n|tier|[Gen 9] VGC 2023 Regulation C\n|rated|\n|rule|Species Clause: Limit one of each Pok\u00e9mon\n|rule|Item Clause: Limit one of each item\n|clearpoke\n|poke|p1|Ceruledge, L50, M|\n|poke|p1|Gyarados, L50, F|\n|poke|p1|Ting-Lu, L50|\n|poke|p1|Glimmora, L50, F|\n|poke|p1|Flutter Mane, L50|\n|poke|p1|Amoonguss, L50, M|\n|poke|p2|Gholdengo, L50|\n|poke|p2|Murkrow, L50, F|\n|poke|p2|Baxcalibur, L50, M|\n|poke|p2|Annihilape, L50, F|\n|poke|p2|Flutter Mane, L50|\n|poke|p2|Amoonguss, L50, M|\n|teampreview|4\n|\n|t:|1683248796\n|start\n|switch|p1a: Ceruledge|Ceruledge, L50, M|100\/100\n|switch|p1b: Flutter Mane|Flutter Mane, L50|100\/100\n|switch|p2a: Murkrow|Murkrow, L50, F|100\/100\n|switch|p2b: Gholdengo|Gholdengo, L50|100\/100\n|turn|1\n|inactive|Battle timer is ON: inactive players will automatically lose when time's up. (requested by SM0KESgirl)\n|\n|t:|1683248808\n|-end|p1b: Flutter Mane|Protosynthesis|[silent]\n|switch|p1b: Gyarados|Gyarados, L50, F|100\/100\n|-ability|p1b: Gyarados|Intimidate|boost\n|-unboost|p2a: Murkrow|atk|1\n|-unboost|p2b: Gholdengo|atk|1\n|-terastallize|p2b: Gholdengo|Steel\n|move|p2a: Murkrow|Tailwind|p2a: Murkrow\n|-sidestart|p2: SM0KESgirl|move: Tailwind\n|move|p2b: Gholdengo|Make It Rain|p1a: Ceruledge|[spread] p1a,p1b\n|-resisted|p1a: Ceruledge\n|-resisted|p1b: Gyarados\n|-damage|p1a: Ceruledge|53\/100\n|-damage|p1b: Gyarados|55\/100\n|-unboost|p2b: Gholdengo|spa|1\n|move|p1a: Ceruledge|Bulk Up|p1a: Ceruledge\n|-boost|p1a: Ceruledge|atk|1\n|-boost|p1a: Ceruledge|def|1\n|\n|upkeep\n|turn|2\n|inactive|starburst48763 has 30 seconds left.\n|\n|t:|1683248837\n|-terastallize|p1a: Ceruledge|Grass\n|move|p2a: Murkrow|Haze|p2a: Murkrow\n|-clearallboost\n|move|p2b: Gholdengo|Make It Rain|p1b: Gyarados|[spread] p1a,p1b\n|-resisted|p1b: Gyarados\n|-damage|p1a: Ceruledge|0 fnt\n|-damage|p1b: Gyarados|5\/100\n|-unboost|p2b: Gholdengo|spa|1\n|-enditem|p1b: Gyarados|Figy Berry|[eat]\n|-heal|p1b: Gyarados|38\/100|[from] item: Figy Berry\n|faint|p1a: Ceruledge\n|move|p1b: Gyarados|Whirlpool|p2a: Murkrow|[miss]\n|-miss|p1b: Gyarados|p2a: Murkrow\n|\n|upkeep\n|\n|t:|1683248847\n|switch|p1a: Glimmora|Glimmora, L50, F|100\/100\n|turn|3\n|-message|starburst48763 forfeited.\n|\n|win|SM0KESgirl\n|raw|starburst48763's rating: 1392 → 1367<\/strong> (-25 for losing)\n|raw|SM0KESgirl's rating: 1304 → 1329<\/strong> (+25 for winning)\n|l|\u2606starburst48763\n","uploadtime":1683248863,"views":4,"p1id":"starburst48763","p2id":"sm0kesgirl","formatid":"gen9vgc2023regulationc","rating":1329,"private":0,"password":""}