{"id":"gen9vgc2023regulationc-1851479850","p1":"qwillinallthefish","p2":"mee to peach","format":"[Gen 9] VGC 2023 Regulation C","log":"|j|\u2606qwillinallthefish\n|j|\u2606mee to peach\n|t:|1682448535\n|gametype|doubles\n|player|p1|qwillinallthefish|crasherwake|1422\n|player|p2|mee to peach|1|1404\n|teamsize|p1|6\n|teamsize|p2|6\n|gen|9\n|tier|[Gen 9] VGC 2023 Regulation C\n|rated|\n|rule|Species Clause: Limit one of each Pok\u00e9mon\n|rule|Item Clause: Limit one of each item\n|clearpoke\n|poke|p1|Abomasnow, L50, M|\n|poke|p1|Iron Bundle, L50|\n|poke|p1|Chi-Yu, L50|\n|poke|p1|Flutter Mane, L50|\n|poke|p1|Sandy Shocks, L50|\n|poke|p1|Espathra, L50, F|\n|poke|p2|Ting-Lu, L50|\n|poke|p2|Baxcalibur, L50, M|\n|poke|p2|Amoonguss, L50, M|\n|poke|p2|Palafin, L50, F|\n|poke|p2|Arcanine, L50, M|\n|poke|p2|Gholdengo, L50|\n|teampreview|4\nqwillinallthefish has agreed to open team sheets.\n|j| RimuruPichu019\n|\n|t:|1682448585\n|start\n|switch|p1a: Chi-Yu|Chi-Yu, L50|100\/100\n|switch|p1b: Flutter Mane|Flutter Mane, L50|100\/100\n|switch|p2a: Baxcalibur|Baxcalibur, L50, M|100\/100\n|switch|p2b: Palafin|Palafin, L50, F|100\/100\n|-ability|p1a: Chi-Yu|Beads of Ruin\n|turn|1\n|\n|t:|1682448644\n|move|p1a: Chi-Yu|Protect|p1a: Chi-Yu\n|-singleturn|p1a: Chi-Yu|Protect\n|move|p2b: Palafin|Protect|p2b: Palafin\n|-singleturn|p2b: Palafin|Protect\n|move|p1b: Flutter Mane|Moonblast|p2a: Baxcalibur\n|-supereffective|p2a: Baxcalibur\n|-damage|p2a: Baxcalibur|0 fnt\n|faint|p2a: Baxcalibur\n|-damage|p1b: Flutter Mane|90\/100|[from] item: Life Orb\n|\n|upkeep\n|-message|mee to peach forfeited.\n|\n|win|qwillinallthefish\n|raw|qwillinallthefish's rating: 1422 → 1441<\/strong> (+19 for winning)\n|raw|mee to peach's rating: 1404 → 1385<\/strong> (-19 for losing)\n|l|\u2606mee to peach\n","uploadtime":1682448661,"views":10,"p1id":"qwillinallthefish","p2id":"meetopeach","formatid":"gen9vgc2023regulationc","rating":1385,"private":0,"password":""}