{"id":"gen9vgc2023regulationc-1857654618","p1":"Tulin's Tornado","p2":"yungwasser","format":"[Gen 9] VGC 2023 Regulation C","log":"|j|\u2606Tulin's Tornado\n|j|\u2606yungwasser\n|t:|1683218642\n|gametype|doubles\n|player|p1|Tulin's Tornado|cynthia-masters3|1341\n|player|p2|yungwasser|larry|1336\n|teamsize|p1|6\n|teamsize|p2|6\n|gen|9\n|tier|[Gen 9] VGC 2023 Regulation C\n|rated|\n|rule|Species Clause: Limit one of each Pok\u00e9mon\n|rule|Item Clause: Limit one of each item\n|clearpoke\n|poke|p1|Maushold-Four, L50|\n|poke|p1|Iron Bundle, L50|\n|poke|p1|Abomasnow, L50, F|\n|poke|p1|Annihilape, L50, M|\n|poke|p1|Scizor, L50, M|\n|poke|p1|Ting-Lu, L50|\n|poke|p2|Ting-Lu, L50|\n|poke|p2|Amoonguss, L50, M|\n|poke|p2|Garganacl, L50, M|\n|poke|p2|Arcanine, L50, M|\n|poke|p2|Roaring Moon, L50|\n|poke|p2|Iron Bundle, L50|\n|teampreview|4\nTulin's Tornado has agreed to open team sheets.\nyungwasser has agreed to open team sheets.\n|c|\u2606Tulin's Tornado|GL&HF!\n|\n|t:|1683218726\n|start\n|switch|p1a: Maushold|Maushold-Four, L50|100\/100\n|switch|p1b: Annihilape|Annihilape, L50, M|100\/100\n|switch|p2a: Roaring Moon|Roaring Moon, L50|100\/100\n|switch|p2b: Amoonguss|Amoonguss, L50, M|100\/100\n|-enditem|p2a: Roaring Moon|Booster Energy\n|-activate|p2a: Roaring Moon|ability: Protosynthesis|[fromitem]\n|-start|p2a: Roaring Moon|protosynthesisatk\n|turn|1\n|c|\u2606yungwasser|smae to u\n|\n|t:|1683218766\n|-terastallize|p2a: Roaring Moon|Flying\n|-terastallize|p1b: Annihilape|Water\n|move|p1a: Maushold|Beat Up|p1b: Annihilape\n|-damage|p1b: Annihilape|99\/100\n|-damage|p1b: Annihilape|96\/100\n|-damage|p1b: Annihilape|93\/100\n|-damage|p1b: Annihilape|91\/100\n|-hitcount|p1b: Annihilape|4\n|move|p2a: Roaring Moon|Acrobatics|p1b: Annihilape\n|-damage|p1b: Annihilape|24\/100\n|move|p1b: Annihilape|Rage Fist|p2b: Amoonguss\n|-damage|p2b: Amoonguss|0 fnt\n|faint|p2b: Amoonguss\n|\n|-heal|p1b: Annihilape|31\/100|[from] item: Leftovers\n|upkeep\n|\n|t:|1683218776\n|switch|p2b: Iron Bundle|Iron Bundle, L50|100\/100\n|turn|2\n|\n|t:|1683218801\n|move|p2b: Iron Bundle|Protect|p2b: Iron Bundle\n|-singleturn|p2b: Iron Bundle|Protect\n|move|p1a: Maushold|Follow Me|p1a: Maushold\n|-singleturn|p1a: Maushold|move: Follow Me\n|move|p2a: Roaring Moon|Dragon Dance|p2a: Roaring Moon\n|-boost|p2a: Roaring Moon|atk|1\n|-boost|p2a: Roaring Moon|spe|1\n|move|p1b: Annihilape|Rage Fist|p2a: Roaring Moon\n|-crit|p2a: Roaring Moon\n|-damage|p2a: Roaring Moon|0 fnt\n|faint|p2a: Roaring Moon\n|-end|p2a: Roaring Moon|Protosynthesis|[silent]\n|\n|-heal|p1b: Annihilape|37\/100|[from] item: Leftovers\n|upkeep\n|\n|t:|1683218811\n|switch|p2a: Ting-Lu|Ting-Lu, L50|100\/100\n|-ability|p2a: Ting-Lu|Vessel of Ruin\n|turn|3\n|-message|yungwasser forfeited.\n|\n|win|Tulin's Tornado\n|raw|Tulin's Tornado's rating: 1341 → 1361<\/strong> (+20 for winning)\n|raw|yungwasser's rating: 1336 → 1316<\/strong> (-20 for losing)\n|l|\u2606yungwasser\n","uploadtime":1683219695,"views":12,"p1id":"tulinstornado","p2id":"yungwasser","formatid":"gen9vgc2023regulationc","rating":1316,"private":0,"password":""}