{"id":"gen9vgc2023regulationc-1857861358","p1":"mrdychi","p2":"Hadrian1917","format":"[Gen 9] VGC 2023 Regulation C","log":"|j|\u2606mrdychi\n|j|\u2606Hadrian1917\n|t:|1683240029\n|gametype|doubles\n|player|p1|mrdychi|cyrus|1196\n|player|p2|Hadrian1917|brock|1149\n|teamsize|p1|6\n|teamsize|p2|6\n|gen|9\n|tier|[Gen 9] VGC 2023 Regulation C\n|rated|\n|rule|Species Clause: Limit one of each Pok\u00e9mon\n|rule|Item Clause: Limit one of each item\n|clearpoke\n|poke|p1|Annihilape, L50, M|\n|poke|p1|Dondozo, L50, F|\n|poke|p1|Ting-Lu, L50|\n|poke|p1|Pelipper, L50, F|\n|poke|p1|Dragapult, L50, F|\n|poke|p1|Tatsugiri-Stretchy, L50, F|\n|poke|p2|Flutter Mane, L50|\n|poke|p2|Chi-Yu, L50|\n|poke|p2|Iron Hands, L50|\n|poke|p2|Ting-Lu, L50|\n|poke|p2|Gyarados, L50, F|\n|poke|p2|Amoonguss, L50, M|\n|teampreview|4\n|inactive|Battle timer is ON: inactive players will automatically lose when time's up. (requested by mrdychi)\n|inactive|mrdychi has 60 seconds left.\n|inactive|Hadrian1917 has 60 seconds left.\n|inactive|Hadrian1917 has 30 seconds left.\n|inactive|Hadrian1917 has 20 seconds left.\n|\n|t:|1683240102\n|start\n|switch|p1a: Pelipper|Pelipper, L50, F|100\/100\n|switch|p1b: Annihilape|Annihilape, L50, M|100\/100\n|switch|p2a: Flutter Mane|Flutter Mane, L50|100\/100\n|switch|p2b: Chi-Yu|Chi-Yu, L50|100\/100\n|-ability|p2b: Chi-Yu|Beads of Ruin\n|-weather|RainDance|[from] ability: Drizzle|[of] p1a: Pelipper\n|-enditem|p2a: Flutter Mane|Booster Energy\n|-activate|p2a: Flutter Mane|ability: Protosynthesis|[fromitem]\n|-start|p2a: Flutter Mane|protosynthesisspa\n|turn|1\n|inactive|mrdychi has 30 seconds left.\n|inactive|Hadrian1917 has 30 seconds left.\n|inactive|mrdychi has 20 seconds left.\n|inactive|mrdychi has 15 seconds left.\n|\n|t:|1683240147\n|move|p1b: Annihilape|Final Gambit|p2b: Chi-Yu\n|-damage|p2b: Chi-Yu|0 fnt\n|faint|p1b: Annihilape\n|faint|p2b: Chi-Yu\n|move|p2a: Flutter Mane|Substitute|p2a: Flutter Mane\n|-start|p2a: Flutter Mane|Substitute\n|-damage|p2a: Flutter Mane|76\/100\n|move|p1a: Pelipper|Tailwind|p1a: Pelipper\n|-sidestart|p1: mrdychi|move: Tailwind\n|\n|-weather|RainDance|[upkeep]\n|upkeep\n|\n|t:|1683240159\n|switch|p2b: Amoonguss|Amoonguss, L50, M|100\/100\n|switch|p1b: Dondozo|Dondozo, L50, F|100\/100\n|turn|2\n|inactive|Hadrian1917 has 30 seconds left.\n|inactive|Hadrian1917 has 20 seconds left.\n|inactive|Hadrian1917 has 15 seconds left.\n|\n|t:|1683240202\n|switch|p2b: Iron Hands|Iron Hands, L50|100\/100\n|-terastallize|p1b: Dondozo|Grass\n|move|p1a: Pelipper|U-turn|p1b: Dondozo\n|-supereffective|p1b: Dondozo\n|-damage|p1b: Dondozo|90\/100\n|-enditem|p1b: Dondozo|Weakness Policy\n|-boost|p1b: Dondozo|atk|2|[from] item: Weakness Policy\n|-boost|p1b: Dondozo|spa|2|[from] item: Weakness Policy\n|\n|t:|1683240226\n|switch|p1a: Tatsugiri|Tatsugiri-Stretchy, L50, F|100\/100|[from] U-turn\n|-activate|p1a: Tatsugiri|ability: Commander|[of] p1b: Dondozo\n|-boost|p1b: Dondozo|atk|2\n|-boost|p1b: Dondozo|spa|2\n|-boost|p1b: Dondozo|spe|2\n|-boost|p1b: Dondozo|def|2\n|-boost|p1b: Dondozo|spd|2\n|move|p1b: Dondozo|Earthquake|p2a: Flutter Mane|[spread] p2a,p2b\n|-miss|p1b: Dondozo|p1a: Tatsugiri\n|-end|p2a: Flutter Mane|Substitute\n|-supereffective|p2b: Iron Hands\n|-damage|p2b: Iron Hands|1\/100\n|move|p2a: Flutter Mane|Moonblast|p1a: Tatsugiri|[miss]\n|-miss|p2a: Flutter Mane|p1a: Tatsugiri\n|\n|-weather|RainDance|[upkeep]\n|upkeep\n|turn|3\n|inactive|Hadrian1917 has 30 seconds left.\n|-message|Hadrian1917 forfeited.\n|\n|win|mrdychi\n|raw|mrdychi's rating: 1196 → 1218<\/strong> (+22 for winning)\n|raw|Hadrian1917's rating: 1149 → 1127<\/strong> (-22 for losing)\n","uploadtime":1683240256,"views":5,"p1id":"mrdychi","p2id":"hadrian1917","formatid":"gen9vgc2023regulationc","rating":1127,"private":0,"password":""}