{"id":"gen9vgc2023regulationc-1863311194","p1":"thrillcorner","p2":"NemesisRider","format":"[Gen 9] VGC 2023 Regulation C","log":"|j|\u2606thrillcorner\n|j|\u2606NemesisRider\n|t:|1684001014\n|gametype|doubles\n|player|p1|thrillcorner|red-masters2|1416\n|player|p2|NemesisRider|170|1347\n|teamsize|p1|6\n|teamsize|p2|6\n|gen|9\n|tier|[Gen 9] VGC 2023 Regulation C\n|rated|\n|rule|Species Clause: Limit one of each Pok\u00e9mon\n|rule|Item Clause: Limit one of each item\n|clearpoke\n|poke|p1|Arcanine, L50, M|\n|poke|p1|Amoonguss, L50, M|\n|poke|p1|Flutter Mane, L50|\n|poke|p1|Kingambit, L50, M|\n|poke|p1|Iron Bundle, L50|\n|poke|p1|Baxcalibur, L50, M|\n|poke|p2|Indeedee-F, L50, F|\n|poke|p2|Armarouge, L50, F|\n|poke|p2|Amoonguss, L50, F|\n|poke|p2|Maushold, L50|\n|poke|p2|Annihilape, L50, M|\n|poke|p2|Iron Hands, L50|\n|teampreview|4\nthrillcorner has agreed to open team sheets.\n|inactive|Battle timer is ON: inactive players will automatically lose when time's up. (requested by NemesisRider)\nNemesisRider has agreed to open team sheets.\n|inactive|thrillcorner has 60 seconds left.\n|inactive|thrillcorner has 30 seconds left.\n|\n|t:|1684001082\n|start\n|switch|p1a: Willow|Flutter Mane, L50|100\/100\n|switch|p1b: Blueshido|Kingambit, L50, M, shiny|100\/100\n|switch|p2a: Maushold|Maushold, L50|100\/100\n|switch|p2b: Annihilape|Annihilape, L50, M|100\/100\n|turn|1\n|inactive|thrillcorner has 30 seconds left.\n|inactive|NemesisRider has 30 seconds left.\n|l|\u2606NemesisRider\n|inactive|NemesisRider disconnected and has a minute to reconnect!\n|player|p2|\n|inactive|NemesisRider has 20 seconds left.\n|inactive|NemesisRider has 15 seconds left.\n|inactive|NemesisRider has 10 seconds left.\n|inactive|thrillcorner has 20 seconds left.\n|inactive|NemesisRider has 5 seconds left.\n|-message|NemesisRider lost due to inactivity.\n|\n|win|thrillcorner\n|raw|thrillcorner's rating: 1416 → 1432<\/strong> (+16 for winning)\n|raw|NemesisRider's rating: 1347 → 1331<\/strong> (-16 for losing)\n","uploadtime":1684001143,"views":10,"p1id":"thrillcorner","p2id":"nemesisrider","formatid":"gen9vgc2023regulationc","rating":1331,"private":0,"password":""}