{"id":"gen9vgc2023regulationc-1860319304","p1":"lHigure","p2":"XinBluQAQ","format":"[Gen 9] VGC 2023 Regulation C","log":"|j|\u2606lHigure\n|j|\u2606XinBluQAQ\n|t:|1683632113\n|gametype|doubles\n|player|p1|lHigure|265|1383\n|player|p2|XinBluQAQ|shadowtriad|1357\n|teamsize|p1|6\n|teamsize|p2|6\n|gen|9\n|tier|[Gen 9] VGC 2023 Regulation C\n|rated|\n|rule|Species Clause: Limit one of each Pok\u00e9mon\n|rule|Item Clause: Limit one of each item\n|clearpoke\n|poke|p1|Orthworm, L50, M|\n|poke|p1|Dragonite, L50, M|\n|poke|p1|Ting-Lu, L50|\n|poke|p1|Gyarados, L50, M|\n|poke|p1|Flutter Mane, L50|\n|poke|p1|Chien-Pao, L50|\n|poke|p2|Iron Bundle, L50|\n|poke|p2|Dondozo, L50, F|\n|poke|p2|Tatsugiri, L50, F|\n|poke|p2|Glimmora, L50, F|\n|poke|p2|Dragonite, L50, F|\n|poke|p2|Chi-Yu, L50|\n|teampreview|4\n|j| HKLjkl\n|\n|t:|1683632150\n|start\n|switch|p1a: GayRados|Gyarados, L50, M|100\/100\n|switch|p1b: Melameneo|Flutter Mane, L50|100\/100\n|switch|p2a: Dondozo|Dondozo, L50, F|100\/100\n|switch|p2b: Glimmora|Glimmora, L50, F|100\/100\n|-ability|p1a: GayRados|Intimidate|boost\n|-unboost|p2a: Dondozo|atk|1\n|-unboost|p2b: Glimmora|atk|1\n|turn|1\n|\n|t:|1683632183\n|move|p2a: Dondozo|Protect|p2a: Dondozo\n|-singleturn|p2a: Dondozo|Protect\n|move|p1b: Melameneo|Hex|p2a: Dondozo\n|-activate|p2a: Dondozo|move: Protect\n|move|p1a: GayRados|Thunder Wave|p2a: Dondozo\n|-activate|p2a: Dondozo|move: Protect\n|move|p2b: Glimmora|Mortal Spin|p1a: GayRados|[spread] p1a,p1b\n|-damage|p1a: GayRados|97\/100\n|-damage|p1b: Melameneo|96\/100\n|-status|p1a: GayRados|psn\n|-status|p1b: Melameneo|psn\n|\n|-damage|p1b: Melameneo|84\/100 psn|[from] psn\n|-damage|p1a: GayRados|85\/100 psn|[from] psn\n|upkeep\n|turn|2\n|\n|t:|1683632218\n|-terastallize|p2a: Dondozo|Grass\n|move|p1b: Melameneo|Hex|p2a: Dondozo\n|-damage|p2a: Dondozo|58\/100\n|move|p1a: GayRados|Thunder Wave|p2a: Dondozo|[miss]\n|-miss|p1a: GayRados|p2a: Dondozo\n|move|p2b: Glimmora|Power Gem|p1a: GayRados\n|-supereffective|p1a: GayRados\n|-damage|p1a: GayRados|22\/100 psn\n|move|p2a: Dondozo|Wave Crash|p1b: Melameneo\n|-damage|p1b: Melameneo|27\/100 psn\n|-damage|p2a: Dondozo|45\/100|[from] Recoil\n|\n|-heal|p2a: Dondozo|52\/100|[from] item: Leftovers\n|-damage|p1b: Melameneo|15\/100 psn|[from] psn\n|-damage|p1a: GayRados|9\/100 psn|[from] psn\n|upkeep\n|turn|3\n|-message|lHigure forfeited.\n|\n|win|XinBluQAQ\n|raw|lHigure's rating: 1383 → 1362<\/strong> (-21 for losing)\n|raw|XinBluQAQ's rating: 1357 → 1378<\/strong> (+21 for winning)\n|l|\u2606lHigure\n|l| HKLjkl\n","uploadtime":1683632252,"views":14,"p1id":"lhigure","p2id":"xinbluqaq","formatid":"gen9vgc2023regulationc","rating":1362,"private":0,"password":""}