{"id":"gen9vgc2023regulationc-1863176760","p1":"oniwabanchuri","p2":"UltimoRyu","format":"[Gen 9] VGC 2023 Regulation C","log":"|j|\u2606oniwabanchuri\n|j|\u2606UltimoRyu\n|t:|1683984141\n|gametype|doubles\n|player|p1|oniwabanchuri|266|1284\n|player|p2|UltimoRyu|turo-ai|1181\n|teamsize|p1|6\n|teamsize|p2|6\n|gen|9\n|tier|[Gen 9] VGC 2023 Regulation C\n|rated|\n|rule|Species Clause: Limit one of each Pok\u00e9mon\n|rule|Item Clause: Limit one of each item\n|clearpoke\n|poke|p1|Torkoal, L50, F|\n|poke|p1|Leafeon, L50, F|\n|poke|p1|Lucario, L50, M|\n|poke|p1|Murkrow, L50, F|\n|poke|p1|Great Tusk, L50|\n|poke|p1|Kilowattrel, L50, F|\n|poke|p2|Abomasnow, L50, F|\n|poke|p2|Iron Bundle, L50|\n|poke|p2|Azumarill, L50, M|\n|poke|p2|Maushold, L50|\n|poke|p2|Gholdengo, L50|\n|poke|p2|Murkrow, L50, F|\n|teampreview|4\n|\n|t:|1683984175\n|start\n|switch|p1a: Murkrow|Murkrow, L50, F|100\/100\n|switch|p1b: Lucario|Lucario, L50, M|100\/100\n|switch|p2a: Murkrow|Murkrow, L50, F|100\/100\n|switch|p2b: Gholdengo|Gholdengo, L50|100\/100\n|turn|1\n|\n|t:|1683984217\n|move|p2a: Murkrow|Tailwind|p2a: Murkrow\n|-sidestart|p2: UltimoRyu|move: Tailwind\n|move|p2b: Gholdengo|Dazzling Gleam|p1a: Murkrow|[spread] p1a,p1b\n|-supereffective|p1a: Murkrow\n|-crit|p1b: Lucario\n|-damage|p1a: Murkrow|4\/100\n|-damage|p1b: Lucario|15\/100\n|move|p1a: Murkrow|Foul Play|p2b: Gholdengo\n|-supereffective|p2b: Gholdengo\n|-damage|p2b: Gholdengo|69\/100\n|move|p1b: Lucario|Close Combat|p2a: Murkrow\n|-damage|p2a: Murkrow|22\/100\n|-unboost|p1b: Lucario|def|1\n|-unboost|p1b: Lucario|spd|1\n|-damage|p1b: Lucario|5\/100|[from] item: Life Orb\n|\n|upkeep\n|turn|2\n|\n|t:|1683984249\n|move|p2a: Murkrow|Protect|p2a: Murkrow\n|-singleturn|p2a: Murkrow|Protect\n|move|p1b: Lucario|Protect|p1b: Lucario\n|-singleturn|p1b: Lucario|Protect\n|move|p1a: Murkrow|Tailwind|p1a: Murkrow\n|-sidestart|p1: oniwabanchuri|move: Tailwind\n|move|p2b: Gholdengo|Dazzling Gleam|p1b: Lucario|[spread] p1a\n|-activate|p1b: Lucario|move: Protect\n|-supereffective|p1a: Murkrow\n|-crit|p1a: Murkrow\n|-damage|p1a: Murkrow|0 fnt\n|faint|p1a: Murkrow\n|\n|upkeep\n|\n|t:|1683984251\n|switch|p1a: Great Tusk|Great Tusk, L50|100\/100\n|turn|3\n|\n|t:|1683984302\n|-terastallize|p1a: Great Tusk|Ground\n|-terastallize|p2b: Gholdengo|Water\n|move|p1b: Lucario|Vacuum Wave|p2a: Murkrow\n|-damage|p2a: Murkrow|0 fnt\n|faint|p2a: Murkrow\n|-damage|p1b: Lucario|0 fnt|[from] item: Life Orb\n|faint|p1b: Lucario\n|move|p1a: Great Tusk|Earthquake|p2b: Gholdengo\n|-damage|p2b: Gholdengo|6\/100\n|move|p2b: Gholdengo|Dazzling Gleam|p1a: Great Tusk\n|-damage|p1a: Great Tusk|28\/100\n|\n|upkeep\n|\n|t:|1683984322\n|switch|p2a: Abomasnow|Abomasnow, L50, F|100\/100\n|switch|p1b: Leafeon|Leafeon, L50, F|100\/100\n|-weather|Snow|[from] ability: Snow Warning|[of] p2a: Abomasnow\n|turn|4\n|\n|t:|1683984338\n|move|p1b: Leafeon|Double Kick|p2a: Abomasnow\n|-supereffective|p2a: Abomasnow\n|-damage|p2a: Abomasnow|84\/100\n|-supereffective|p2a: Abomasnow\n|-damage|p2a: Abomasnow|67\/100\n|-hitcount|p2a: Abomasnow|2\n|move|p1a: Great Tusk|Earthquake|p2b: Gholdengo|[spread] p1b,p2a,p2b\n|-resisted|p1b: Leafeon\n|-resisted|p2a: Abomasnow\n|-damage|p1b: Leafeon|72\/100\n|-damage|p2a: Abomasnow|45\/100\n|-damage|p2b: Gholdengo|0 fnt\n|faint|p2b: Gholdengo\n|move|p2a: Abomasnow|Blizzard|p1a: Great Tusk|[spread] p1a,p1b\n|-supereffective|p1a: Great Tusk\n|-supereffective|p1b: Leafeon\n|-damage|p1a: Great Tusk|0 fnt\n|-damage|p1b: Leafeon|0 fnt\n|faint|p1a: Great Tusk\n|-end|p1a: Great Tusk|Protosynthesis|[silent]\n|faint|p1b: Leafeon\n|-damage|p2a: Abomasnow|36\/100|[from] item: Life Orb\n|\n|win|UltimoRyu\n|raw|oniwabanchuri's rating: 1284 → 1252<\/strong> (-32 for losing)\n|raw|UltimoRyu's rating: 1181 → 1213<\/strong> (+32 for winning)\n|l|\u2606oniwabanchuri\n","uploadtime":1683984358,"views":10,"p1id":"oniwabanchuri","p2id":"ultimoryu","formatid":"gen9vgc2023regulationc","rating":1213,"private":0,"password":""}