{"id":"gen9vgc2023regulationc-1858441289","p1":"KK Artcar","p2":"zee","format":"[Gen 9] VGC 2023 Regulation C","log":"|j|\u2606KK Artcar\n|j|\u2606zee\n|t:|1683312614\n|gametype|doubles\n|player|p1|KK Artcar|preschoolerf|\n|player|p2|zee|#scl2platoon|\n|teamsize|p1|6\n|teamsize|p2|6\n|gen|9\n|tier|[Gen 9] VGC 2023 Regulation C\n|rule|Species Clause: Limit one of each Pok\u00e9mon\n|rule|Item Clause: Limit one of each item\n|clearpoke\n|poke|p1|Grimmsnarl, L50, M|\n|poke|p1|Gholdengo, L50|\n|poke|p1|Flutter Mane, L50|\n|poke|p1|Amoonguss, L50, M|\n|poke|p1|Iron Bundle, L50|\n|poke|p1|Chi-Yu, L50|\n|poke|p2|Gholdengo, L50|\n|poke|p2|Maushold-Four, L50|\n|poke|p2|Iron Bundle, L50|\n|poke|p2|Great Tusk, L50|\n|poke|p2|Dragonite, L50, F|\n|poke|p2|Ceruledge, L50, F|\n|teampreview|4\n|c|\u2606zee|2\nzee has agreed to open team sheets.\nKK Artcar has agreed to open team sheets.\n|l|\u2606zee\n|player|p2|\n|j|\u2606zee\n|player|p2|zee|#scl2platoon\n|j| Bertigo\n|j| outdz izon\n|j| JoeUX9\n|j| Serena\n|j| SnorlaxatemyDimSum\n|j| tagmouse27\n|j| TabuVGC\n|j| SvenVGC\n|j| baaaaat_\n|l| SnorlaxatemyDimSum\n|j| Z Strats\n|j| SnorlaxatemyDimSum\n|l| SnorlaxatemyDimSum\n|j| IchigoZangeCorner\n|\n|t:|1683313261\n|start\n|switch|p1a: Grimmsnarl|Grimmsnarl, L50, M|100\/100\n|switch|p1b: Gholdengo|Gholdengo, L50|100\/100\n|switch|p2a: Gholdengo|Gholdengo, L50|100\/100\n|switch|p2b: Ceruledge|Ceruledge, L50, F|100\/100\n|turn|1\n|l| Bertigo\n|j| Ally\n|j| PqlarBear\n|\n|t:|1683313366\n|-terastallize|p1b: Gholdengo|Water\n|move|p1a: Grimmsnarl|Light Screen|p1a: Grimmsnarl\n|-sidestart|p1: KK Artcar|move: Light Screen\n|move|p1b: Gholdengo|Nasty Plot|p1b: Gholdengo\n|-boost|p1b: Gholdengo|spa|2\n|move|p2a: Gholdengo|Nasty Plot|p2a: Gholdengo\n|-boost|p2a: Gholdengo|spa|2\n|move|p2b: Ceruledge|Clear Smog|p1b: Gholdengo\n|-damage|p1b: Gholdengo|96\/100\n|-clearboost|p1b: Gholdengo\n|\n|-heal|p1b: Gholdengo|100\/100|[from] item: Leftovers\n|upkeep\n|turn|2\n|l| Ally\n|\n|t:|1683313419\n|-terastallize|p2a: Gholdengo|Water\n|move|p1a: Grimmsnarl|Parting Shot|p2b: Ceruledge\n|-unboost|p2b: Ceruledge|atk|1\n|-unboost|p2b: Ceruledge|spa|1\n|\n|t:|1683313426\n|switch|p1a: Amoonguss|Amoonguss, L50, M|100\/100|[from] Parting Shot\n|move|p1b: Gholdengo|Shadow Ball|p2b: Ceruledge\n|-supereffective|p2b: Ceruledge\n|-damage|p2b: Ceruledge|51\/100\n|move|p2a: Gholdengo|Shadow Ball|p1b: Gholdengo\n|-crit|p1b: Gholdengo\n|-damage|p1b: Gholdengo|0 fnt\n|faint|p1b: Gholdengo\n|move|p2b: Ceruledge|Close Combat|p1a: Amoonguss\n|-resisted|p1a: Amoonguss\n|-damage|p1a: Amoonguss|91\/100\n|-unboost|p2b: Ceruledge|def|1\n|-unboost|p2b: Ceruledge|spd|1\n|\n|upkeep\n|\n|t:|1683313439\n|switch|p1b: Iron Bundle|Iron Bundle, L50|100\/100\n|-enditem|p1b: Iron Bundle|Booster Energy\n|-activate|p1b: Iron Bundle|ability: Quark Drive|[fromitem]\n|-start|p1b: Iron Bundle|quarkdrivespe\n|turn|3\n|j|+Stone Cold\n|\n|t:|1683313448\n|move|p1b: Iron Bundle|Freeze-Dry|p2a: Gholdengo\n|-supereffective|p2a: Gholdengo\n|-damage|p2a: Gholdengo|34\/100\n|move|p2a: Gholdengo|Make It Rain|p1a: Amoonguss|[spread] p1a,p1b\n|-damage|p1a: Amoonguss|20\/100\n|-damage|p1b: Iron Bundle|0 fnt\n|-unboost|p2a: Gholdengo|spa|1\n|-enditem|p1a: Amoonguss|Sitrus Berry|[eat]\n|-heal|p1a: Amoonguss|45\/100|[from] item: Sitrus Berry\n|faint|p1b: Iron Bundle\n|-end|p1b: Iron Bundle|Quark Drive|[silent]\n|move|p2b: Ceruledge|Bitter Blade|p1a: Amoonguss\n|-supereffective|p1a: Amoonguss\n|-damage|p1a: Amoonguss|0 fnt\n|-heal|p2b: Ceruledge|78\/100|[from] drain|[of] p1a: Amoonguss\n|faint|p1a: Amoonguss\n|\n|upkeep\n|-message|KK Artcar forfeited.\n|\n|win|zee\n|l|+Stone Cold\n|j| NJ11VGC\n|l| NJ11VGC\n|l| IchigoZangeCorner\n|j| Anisphia\n|l| JoeUX9\n|j|+Stone Cold\n|l|+Stone Cold\n|l| Z Strats\n|l| Serena\n|j| Ally\n|l| Ally\n|l| Anisphia\n|j| Anisphia\n|j| ceree\n|l| ceree\n|j| tyo\n|j| Robbie35646\n|j| JayVGC YT\n|l| tyo\n|l| JayVGC YT\n|j| JoeUX9\n|l| JoeUX9\n|l| Robbie35646\n|l| tagmouse27\n|l|\u2606zee\n|l| baaaaat_\n|j| Robbie35646\n|l| Robbie35646\n|l| SvenVGC\n|l| TabuVGC\n|l| Anisphia\n|l| outdz izon\n|l| PqlarBear\n","uploadtime":1683313694,"views":16,"p1id":"kkartcar","p2id":"zee","formatid":"gen9vgc2023regulationc","rating":0,"private":0,"password":""}