{"id":"gen9vgc2023regulationc-1859019713","p1":"LUCKI enjoyer123","p2":"TitanSpider410","format":"[Gen 9] VGC 2023 Regulation C","log":"|j|\u2606LUCKI enjoyer123\n|j|\u2606TitanSpider410\n|t:|1683395044\n|gametype|doubles\n|player|p1|LUCKI enjoyer123|harlequin|1102\n|player|p2|TitanSpider410|crasherwake|1000\n|teamsize|p1|6\n|teamsize|p2|6\n|gen|9\n|tier|[Gen 9] VGC 2023 Regulation C\n|rated|\n|rule|Species Clause: Limit one of each Pok\u00e9mon\n|rule|Item Clause: Limit one of each item\n|clearpoke\n|poke|p1|Hippowdon, L50, M|\n|poke|p1|Bronzong, L50|\n|poke|p1|Arboliva, L50, M|\n|poke|p1|Iron Bundle, L50|\n|poke|p1|Ceruledge, L50, F|\n|poke|p1|Wo-Chien, L50|\n|poke|p2|Dragapult, L50, M|\n|poke|p2|Garchomp, L50, M|\n|poke|p2|Raichu, L50, M|\n|poke|p2|Kingambit, L50, M|\n|poke|p2|Iron Bundle, L50|\n|poke|p2|Chien-Pao, L50|\n|teampreview|4\n|\n|t:|1683395088\n|start\n|switch|p1a: Ceruledge|Ceruledge, L50, F|100\/100\n|switch|p1b: Bronzong|Bronzong, L50, shiny|100\/100\n|switch|p2a: Dragapult|Dragapult, L50, M|100\/100\n|switch|p2b: Chien-Pao|Chien-Pao, L50|100\/100\n|-ability|p2b: Chien-Pao|Sword of Ruin\n|turn|1\n|\n|t:|1683395117\n|-terastallize|p2b: Chien-Pao|Dark\n|move|p2a: Dragapult|Shadow Ball|p1a: Ceruledge\n|-supereffective|p1a: Ceruledge\n|-damage|p1a: Ceruledge|3\/100\n|-damage|p2a: Dragapult|91\/100|[from] item: Life Orb\n|move|p2b: Chien-Pao|Crunch|p1b: Bronzong\n|-supereffective|p1b: Bronzong\n|-damage|p1b: Bronzong|0 fnt\n|faint|p1b: Bronzong\n|move|p1a: Ceruledge|Swords Dance|p1a: Ceruledge\n|-boost|p1a: Ceruledge|atk|2\n|\n|upkeep\n|\n|t:|1683395129\n|switch|p1b: UNO on xbox|Wo-Chien, L50|100\/100\n|-ability|p1b: UNO on xbox|Tablets of Ruin\n|turn|2\n|-message|LUCKI enjoyer123 forfeited.\n|\n|win|TitanSpider410\n|raw|LUCKI enjoyer123's rating: 1102 → 1070<\/strong> (-32 for losing)\n|raw|TitanSpider410's rating: 1000 → 1051<\/strong> (+51 for winning)\n|l|\u2606LUCKI enjoyer123\n","uploadtime":1683395140,"views":16,"p1id":"luckienjoyer123","p2id":"titanspider410","formatid":"gen9vgc2023regulationc","rating":1051,"private":0,"password":""}