{"id":"gen9vgc2023regulationc-1850957137","p1":"kuailong","p2":"shiro07","format":"[Gen 9] VGC 2023 Regulation C","log":"|j|\u2606kuailong\n|j|\u2606shiro07\n|t:|1682386830\n|gametype|doubles\n|player|p1|kuailong|265|1332\n|player|p2|shiro07|kris-masters|1395\n|teamsize|p1|6\n|teamsize|p2|6\n|gen|9\n|tier|[Gen 9] VGC 2023 Regulation C\n|rated|\n|rule|Species Clause: Limit one of each Pok\u00e9mon\n|rule|Item Clause: Limit one of each item\n|clearpoke\n|poke|p1|Amoonguss, L50, M|\n|poke|p1|Chi-Yu, L50|\n|poke|p1|Arcanine, L50, F|\n|poke|p1|Flutter Mane, L50|\n|poke|p1|Iron Bundle, L50|\n|poke|p1|Chien-Pao, L50|\n|poke|p2|Wo-Chien, L50|\n|poke|p2|Great Tusk, L50|\n|poke|p2|Murkrow, L50, M|\n|poke|p2|Arcanine, L50, F|\n|poke|p2|Flutter Mane, L50|\n|poke|p2|Bellibolt, L50, F|\n|teampreview|4\n|\n|t:|1682386891\n|start\n|switch|p1a: Chi-Yu|Chi-Yu, L50|100\/100\n|switch|p1b: Flutter Mane|Flutter Mane, L50|100\/100\n|switch|p2a: Murkrow|Murkrow, L50, M|100\/100\n|switch|p2b: Flutter Mane|Flutter Mane, L50|100\/100\n|-ability|p1a: Chi-Yu|Beads of Ruin\n|turn|1\n|\n|t:|1682386905\n|-terastallize|p2b: Flutter Mane|Fairy\n|move|p2a: Murkrow|Tailwind|p2a: Murkrow\n|-sidestart|p2: shiro07|move: Tailwind\n|move|p2b: Flutter Mane|Dazzling Gleam|p1b: Flutter Mane|[spread] p1a,p1b\n|-damage|p1a: Chi-Yu|35\/100\n|-damage|p1b: Flutter Mane|18\/100\n|move|p1b: Flutter Mane|Dazzling Gleam|p2a: Murkrow|[spread] p2a,p2b\n|-supereffective|p2a: Murkrow\n|-damage|p2a: Murkrow|1\/100\n|-damage|p2b: Flutter Mane|42\/100\n|-damage|p1b: Flutter Mane|8\/100|[from] item: Life Orb\n|move|p1a: Chi-Yu|Dark Pulse|p2b: Flutter Mane\n|-resisted|p2b: Flutter Mane\n|-damage|p2b: Flutter Mane|1\/100\n|\n|upkeep\n|turn|2\n|-message|kuailong forfeited.\n|\n|win|shiro07\n|raw|kuailong's rating: 1332 → 1316<\/strong> (-16 for losing)\n|raw|shiro07's rating: 1395 → 1411<\/strong> (+16 for winning)\n|l|\u2606kuailong\n","uploadtime":1682386931,"views":19,"p1id":"kuailong","p2id":"shiro07","formatid":"gen9vgc2023regulationc","rating":1316,"private":0,"password":""}