{"id":"gen9vgc2023regulationc-1849134696","p1":"Blumagination","p2":"Mitsunaga","format":"[Gen 9] VGC 2023 Regulation C","log":"|j|\u2606Blumagination\n|j|\u2606Mitsunaga\n|t:|1682161822\n|gametype|doubles\n|player|p1|Blumagination|clown|1272\n|player|p2|Mitsunaga|caitlin|1299\n|teamsize|p1|6\n|teamsize|p2|6\n|gen|9\n|tier|[Gen 9] VGC 2023 Regulation C\n|rated|\n|rule|Species Clause: Limit one of each Pok\u00e9mon\n|rule|Item Clause: Limit one of each item\n|clearpoke\n|poke|p1|Iron Bundle, L50|\n|poke|p1|Flutter Mane, L50|\n|poke|p1|Garganacl, L50, F|\n|poke|p1|Arcanine, L50, F|\n|poke|p1|Amoonguss, L50, M|\n|poke|p1|Ting-Lu, L50|\n|poke|p2|Annihilape, L50, F|\n|poke|p2|Sandy Shocks, L50|\n|poke|p2|Flutter Mane, L50|\n|poke|p2|Armarouge, L50, F|\n|poke|p2|Indeedee-F, L50, F|\n|poke|p2|Talonflame, L50, F|\n|teampreview|4\n|inactive|Battle timer is ON: inactive players will automatically lose when time's up. (requested by Blumagination)\n|\n|t:|1682161838\n|start\n|switch|p1a: Garganacl|Garganacl, L50, F|100\/100\n|switch|p1b: Ting-Lu|Ting-Lu, L50|100\/100\n|switch|p2a: Annihilape|Annihilape, L50, F|100\/100\n|switch|p2b: Armarouge|Armarouge, L50, F|100\/100\n|-ability|p1b: Ting-Lu|Vessel of Ruin\n|turn|1\n|inactive|Blumagination has 30 seconds left.\n|\n|t:|1682161869\n|move|p1a: Garganacl|Protect|p1a: Garganacl\n|-singleturn|p1a: Garganacl|Protect\n|move|p2a: Annihilape|Final Gambit|p1b: Ting-Lu\n|-damage|p1b: Ting-Lu|18\/100\n|faint|p2a: Annihilape\n|move|p2b: Armarouge|Aura Sphere|p1b: Ting-Lu\n|-supereffective|p1b: Ting-Lu\n|-damage|p1b: Ting-Lu|0 fnt\n|faint|p1b: Ting-Lu\n|\n|upkeep\n|\n|t:|1682161874\n|switch|p2a: Sandy Shocks|Sandy Shocks, L50|100\/100\n|switch|p1b: Flutter Mane|Flutter Mane, L50|100\/100\n|-enditem|p2a: Sandy Shocks|Booster Energy\n|-activate|p2a: Sandy Shocks|ability: Protosynthesis|[fromitem]\n|-start|p2a: Sandy Shocks|protosynthesisspe\n|turn|2\n|\n|t:|1682161887\n|-terastallize|p1a: Garganacl|Water\n|move|p2a: Sandy Shocks|Earthquake|p1b: Flutter Mane|[spread] p2b,p1a,p1b\n|-supereffective|p2b: Armarouge\n|-damage|p2b: Armarouge|56\/100\n|-damage|p1a: Garganacl|89\/100\n|-damage|p1b: Flutter Mane|67\/100\n|-ability|p2b: Armarouge|Weak Armor|boost\n|-unboost|p2b: Armarouge|def|1\n|-boost|p2b: Armarouge|spe|2\n|-enditem|p2b: Armarouge|Weakness Policy\n|-boost|p2b: Armarouge|atk|2|[from] item: Weakness Policy\n|-boost|p2b: Armarouge|spa|2|[from] item: Weakness Policy\n|move|p2b: Armarouge|Expanding Force|p1b: Flutter Mane\n|-damage|p1b: Flutter Mane|0 fnt\n|faint|p1b: Flutter Mane\n|-end|p1b: Flutter Mane|Protosynthesis|[silent]\n|move|p1a: Garganacl|Salt Cure|p2a: Sandy Shocks\n|-resisted|p2a: Sandy Shocks\n|-damage|p2a: Sandy Shocks|92\/100\n|-start|p2a: Sandy Shocks|Salt Cure\n|\n|-heal|p1a: Garganacl|95\/100|[from] item: Leftovers\n|-damage|p2a: Sandy Shocks|80\/100|[from] Salt Cure\n|upkeep\n|\n|t:|1682161893\n|switch|p1b: Amoonguss|Amoonguss, L50, M|100\/100\n|turn|3\n|\n|t:|1682161914\n|-end|p2a: Sandy Shocks|Protosynthesis|[silent]\n|switch|p2a: Indeedee|Indeedee-F, L50, F|100\/100\n|-fieldstart|move: Psychic Terrain|[from] ability: Psychic Surge|[of] p2a: Indeedee\n|-enditem|p2a: Indeedee|Psychic Seed\n|-boost|p2a: Indeedee|spd|1|[from] item: Psychic Seed\n|move|p1b: Amoonguss|Protect|p1b: Amoonguss\n|-singleturn|p1b: Amoonguss|Protect\n|move|p2b: Armarouge|Expanding Force|p1b: Amoonguss|[spread] p1a\n|-activate|p1b: Amoonguss|move: Protect\n|-damage|p1a: Garganacl|0 fnt\n|faint|p1a: Garganacl\n|\n|upkeep\n|turn|4\n|-message|Blumagination forfeited.\n|\n|win|Mitsunaga\n|raw|Blumagination's rating: 1272 → 1249<\/strong> (-23 for losing)\n|raw|Mitsunaga's rating: 1299 → 1322<\/strong> (+23 for winning)\n|l|\u2606Blumagination\n","uploadtime":1682161923,"views":11,"p1id":"blumagination","p2id":"mitsunaga","formatid":"gen9vgc2023regulationc","rating":1249,"private":0,"password":""}