{"id":"gen9vgc2023regulationc-1853182730","p1":"Valency GL","p2":"cipherxzz","format":"[Gen 9] VGC 2023 Regulation C","log":"|j|\u2606Valency GL\n|j|\u2606cipherxzz\n|t:|1682645405\n|gametype|doubles\n|player|p1|Valency GL|170|1257\n|player|p2|cipherxzz|101|1326\n|teamsize|p1|6\n|teamsize|p2|6\n|gen|9\n|tier|[Gen 9] VGC 2023 Regulation C\n|rated|\n|rule|Species Clause: Limit one of each Pok\u00e9mon\n|rule|Item Clause: Limit one of each item\n|clearpoke\n|poke|p1|Scream Tail, L50|\n|poke|p1|Kingambit, L50, M|\n|poke|p1|Rotom-Wash, L50|\n|poke|p1|Chien-Pao, L50|\n|poke|p1|Great Tusk, L50|\n|poke|p1|Amoonguss, L50, F|\n|poke|p2|Dondozo, L50, M|\n|poke|p2|Tatsugiri, L50, F|\n|poke|p2|Dragapult, L50, F|\n|poke|p2|Chien-Pao, L50|\n|poke|p2|Chi-Yu, L50|\n|poke|p2|Flutter Mane, L50|\n|teampreview|4\n|inactive|Battle timer is ON: inactive players will automatically lose when time's up. (requested by Valency GL)\n|\n|t:|1682645438\n|start\n|switch|p1a: Scream Tail|Scream Tail, L50|100\/100\n|switch|p1b: Great Tusk|Great Tusk, L50|100\/100\n|switch|p2a: Dondozo|Dondozo, L50, M|100\/100\n|switch|p2b: Flutter Mane|Flutter Mane, L50|100\/100\n|-enditem|p1a: Scream Tail|Booster Energy\n|-activate|p1a: Scream Tail|ability: Protosynthesis|[fromitem]\n|-start|p1a: Scream Tail|protosynthesisspe\n|turn|1\n|inactive|cipherxzz has 30 seconds left.\n|\n|t:|1682645469\n|switch|p2a: Chi-Yu|Chi-Yu, L50|100\/100\n|-ability|p2a: Chi-Yu|Beads of Ruin\n|-terastallize|p1b: Great Tusk|Steel\n|move|p1a: Scream Tail|Thunder Wave|p2a: Chi-Yu\n|-status|p2a: Chi-Yu|par\n|move|p1b: Great Tusk|Rock Slide|p2a: Chi-Yu|[spread] p2a,p2b\n|-supereffective|p2a: Chi-Yu\n|-damage|p2a: Chi-Yu|24\/100 par\n|-damage|p2b: Flutter Mane|66\/100\n|cant|p2b: Flutter Mane|flinch\n|\n|upkeep\n|turn|2\n|\n|t:|1682645489\n|cant|p2a: Chi-Yu|par\n|move|p1a: Scream Tail|Thunder Wave|p2b: Flutter Mane\n|-status|p2b: Flutter Mane|par\n|move|p1b: Great Tusk|Rock Slide|p2a: Chi-Yu|[spread] p2a,p2b\n|-supereffective|p2a: Chi-Yu\n|-crit|p2a: Chi-Yu\n|-damage|p2a: Chi-Yu|0 fnt\n|-damage|p2b: Flutter Mane|32\/100 par\n|faint|p2a: Chi-Yu\n|move|p2b: Flutter Mane|Shadow Ball|p1a: Scream Tail\n|-supereffective|p1a: Scream Tail\n|-damage|p1a: Scream Tail|2\/100\n|\n|upkeep\n|\n|t:|1682645502\n|switch|p2a: Dondozo|Dondozo, L50, M|100\/100\n|turn|3\n|\n|t:|1682645522\n|-end|p2b: Flutter Mane|Protosynthesis|[silent]\n|switch|p2b: Tatsugiri|Tatsugiri, L50, F|100\/100\n|-activate|p2b: Tatsugiri|ability: Commander|[of] p2a: Dondozo\n|-boost|p2a: Dondozo|atk|2\n|-boost|p2a: Dondozo|spa|2\n|-boost|p2a: Dondozo|spe|2\n|-boost|p2a: Dondozo|def|2\n|-boost|p2a: Dondozo|spd|2\n|move|p1a: Scream Tail|Thunder Wave|p2a: Dondozo\n|-status|p2a: Dondozo|par\n|move|p1b: Great Tusk|Rock Slide|p2a: Dondozo|[spread] p2a\n|-miss|p1b: Great Tusk|p2b: Tatsugiri\n|-damage|p2a: Dondozo|93\/100 par\n|cant|p2a: Dondozo|par\n|\n|-heal|p2a: Dondozo|99\/100 par|[from] item: Leftovers\n|upkeep\n|turn|4\n|-message|cipherxzz forfeited.\n|\n|win|Valency GL\n|raw|Valency GL's rating: 1257 → 1287<\/strong> (+30 for winning)\n|raw|cipherxzz's rating: 1326 → 1302<\/strong> (-24 for losing)\n|l|\u2606cipherxzz\n","uploadtime":1682645549,"views":9,"p1id":"valencygl","p2id":"cipherxzz","formatid":"gen9vgc2023regulationc","rating":1287,"private":0,"password":""}