{"id":"gen9vgc2023regulationc-1854422187","p1":"TemporaryAbuser","p2":"yungelghonami","format":"[Gen 9] VGC 2023 Regulation C","log":"|j|\u2606TemporaryAbuser\n|j|\u2606yungelghonami\n|t:|1682808875\n|gametype|doubles\n|player|p1|TemporaryAbuser|artist|1057\n|player|p2|yungelghonami|169|1083\n|teamsize|p1|6\n|teamsize|p2|6\n|gen|9\n|tier|[Gen 9] VGC 2023 Regulation C\n|rated|\n|rule|Species Clause: Limit one of each Pok\u00e9mon\n|rule|Item Clause: Limit one of each item\n|clearpoke\n|poke|p1|Iron Bundle, L50|\n|poke|p1|Polteageist, L50|\n|poke|p1|Chi-Yu, L50|\n|poke|p1|Indeedee-F, L50, F|\n|poke|p1|Flutter Mane, L50|\n|poke|p1|Dragonite, L50, M|\n|poke|p2|Scream Tail, L50|\n|poke|p2|Arcanine, L50, F|\n|poke|p2|Dragapult, L50, M|\n|poke|p2|Baxcalibur, L50, F|\n|poke|p2|Wo-Chien, L50|\n|poke|p2|Great Tusk, L50|\n|teampreview|4\n|\n|t:|1682808901\n|start\n|switch|p1a: Iron Bundle|Iron Bundle, L50|100\/100\n|switch|p1b: Polteageist|Polteageist, L50|100\/100\n|switch|p2a: Scream Tail|Scream Tail, L50|100\/100\n|switch|p2b: Baxcalibur|Baxcalibur, L50, F|100\/100\n|turn|1\n|\n|t:|1682808936\n|move|p1b: Polteageist|Protect|p1b: Polteageist\n|-singleturn|p1b: Polteageist|Protect\n|move|p2b: Baxcalibur|Protect|p2b: Baxcalibur\n|-singleturn|p2b: Baxcalibur|Protect\n|move|p1a: Iron Bundle|Taunt|p2a: Scream Tail\n|-start|p2a: Scream Tail|move: Taunt\n|-enditem|p2a: Scream Tail|Mental Herb\n|-end|p2a: Scream Tail|move: Taunt\n|move|p2a: Scream Tail|Howl|p2a: Scream Tail|[spread] p2a,p2b\n|-boost|p2a: Scream Tail|atk|1\n|-boost|p2b: Baxcalibur|atk|1\n|\n|upkeep\n|turn|2\n|\n|t:|1682808952\n|move|p1a: Iron Bundle|Fling|p1b: Polteageist\n|-supereffective|p1b: Polteageist\n|-damage|p1b: Polteageist|95\/100\n|-start|p1b: Polteageist|move: Focus Energy\n|-ability|p1b: Polteageist|Weak Armor|boost\n|-unboost|p1b: Polteageist|def|1\n|-boost|p1b: Polteageist|spe|2\n|-enditem|p1b: Polteageist|Weakness Policy\n|-boost|p1b: Polteageist|atk|2|[from] item: Weakness Policy\n|-boost|p1b: Polteageist|spa|2|[from] item: Weakness Policy\n|-enditem|p1a: Iron Bundle|Lansat Berry|[from] move: Fling\n|move|p1b: Polteageist|Baton Pass|p1b: Polteageist\n|\n|t:|1682808962\n|switch|p1b: Chi-Yu|Chi-Yu, L50|100\/100|[from] Baton Pass\n|-ability|p1b: Chi-Yu|Beads of Ruin\n|move|p2b: Baxcalibur|Icicle Spear|p1b: Chi-Yu\n|-resisted|p1b: Chi-Yu\n|-damage|p1b: Chi-Yu|75\/100\n|-resisted|p1b: Chi-Yu\n|-damage|p1b: Chi-Yu|53\/100\n|-resisted|p1b: Chi-Yu\n|-crit|p1b: Chi-Yu\n|-damage|p1b: Chi-Yu|16\/100\n|-resisted|p1b: Chi-Yu\n|-damage|p1b: Chi-Yu|0 fnt\n|faint|p1b: Chi-Yu\n|-hitcount|p1: Chi-Yu|4\n|move|p2a: Scream Tail|Trick Room|p2a: Scream Tail\n|-fieldstart|move: Trick Room|[of] p2a: Scream Tail\n|\n|upkeep\n|-message|TemporaryAbuser forfeited.\n|\n|win|yungelghonami\n|raw|TemporaryAbuser's rating: 1057 → 1040<\/strong> (-17 for losing)\n|raw|yungelghonami's rating: 1083 → 1108<\/strong> (+25 for winning)\n|l|\u2606TemporaryAbuser\n","uploadtime":1682808983,"views":21,"p1id":"temporaryabuser","p2id":"yungelghonami","formatid":"gen9vgc2023regulationc","rating":1040,"private":0,"password":""}