{"id":"gen9vgc2023regulationc-1853256484","p1":"Chi U R Dead","p2":"lin7482","format":"[Gen 9] VGC 2023 Regulation C","log":"|j|\u2606Chi U R Dead\n|j|\u2606lin7482\n|t:|1682655891\n|gametype|doubles\n|player|p1|Chi U R Dead|170|1715\n|player|p2|lin7482|170|1672\n|teamsize|p1|6\n|teamsize|p2|6\n|gen|9\n|tier|[Gen 9] VGC 2023 Regulation C\n|rated|\n|rule|Species Clause: Limit one of each Pok\u00e9mon\n|rule|Item Clause: Limit one of each item\n|clearpoke\n|poke|p1|Palafin, L50, M|\n|poke|p1|Arcanine, L50, F|\n|poke|p1|Amoonguss, L50, M|\n|poke|p1|Flutter Mane, L50|\n|poke|p1|Ting-Lu, L50|\n|poke|p1|Bronzong, L50|\n|poke|p2|Dondozo, L50, M|\n|poke|p2|Ting-Lu, L50|\n|poke|p2|Arcanine, L50, F|\n|poke|p2|Tatsugiri, L50, F|\n|poke|p2|Flutter Mane, L50|\n|poke|p2|Maushold, L50|\n|teampreview|4\n|j| MidianVGC\n|inactive|Battle timer is ON: inactive players will automatically lose when time's up. (requested by lin7482)\n|\n|t:|1682655953\n|start\n|switch|p1a: Palafin|Palafin, L50, M|100\/100\n|switch|p1b: Flutter Mane|Flutter Mane, L50|100\/100\n|switch|p2a: Dondozo|Dondozo, L50, M|100\/100\n|switch|p2b: Ting-Lu|Ting-Lu, L50|100\/100\n|-ability|p2b: Ting-Lu|Vessel of Ruin\n|-enditem|p1b: Flutter Mane|Booster Energy\n|-activate|p1b: Flutter Mane|ability: Protosynthesis|[fromitem]\n|-start|p1b: Flutter Mane|protosynthesisspa\n|turn|1\n|\n|t:|1682655971\n|detailschange|p1a: Palafin|Palafin-Hero, L50, M\n|switch|p1a: Arcanine|Arcanine, L50, F|100\/100\n|-ability|p1a: Arcanine|Intimidate|boost\n|-unboost|p2a: Dondozo|atk|1\n|-unboost|p2b: Ting-Lu|atk|1\n|-terastallize|p2b: Ting-Lu|Poison\n|move|p1b: Flutter Mane|Protect|p1b: Flutter Mane\n|-singleturn|p1b: Flutter Mane|Protect\n|move|p2b: Ting-Lu|Heavy Slam|p1b: Flutter Mane\n|-activate|p1b: Flutter Mane|move: Protect\n|move|p2a: Dondozo|Fissure|p1a: Arcanine\n|-damage|p1a: Arcanine|0 fnt\n|faint|p1a: Arcanine\n|-ohko\n|\n|upkeep\n|\n|t:|1682655982\n|switch|p1a: Amoonguss|Amoonguss, L50, M|100\/100\n|turn|2\n|j| THUNDERSND77\n|\n|t:|1682655995\n|move|p1a: Amoonguss|Rage Powder|p1a: Amoonguss\n|-singleturn|p1a: Amoonguss|move: Rage Powder\n|move|p1b: Flutter Mane|Moonblast|p2a: Dondozo\n|-damage|p2a: Dondozo|65\/100\n|move|p2b: Ting-Lu|Fissure|p1a: Amoonguss|[miss]\n|-miss|p2b: Ting-Lu|p1a: Amoonguss\n|move|p2a: Dondozo|Yawn|p1a: Amoonguss\n|-start|p1a: Amoonguss|move: Yawn|[of] p2a: Dondozo\n|\n|-heal|p2a: Dondozo|71\/100|[from] item: Leftovers\n|upkeep\n|turn|3\n|\n|t:|1682656020\n|switch|p1a: Palafin|Palafin-Hero, L50, M|100\/100\n|-activate|p1a: Palafin|ability: Zero to Hero\n|move|p1b: Flutter Mane|Protect|p1b: Flutter Mane\n|-singleturn|p1b: Flutter Mane|Protect\n|move|p2b: Ting-Lu|Fissure|p1a: Palafin|[miss]\n|-miss|p2b: Ting-Lu|p1a: Palafin\n|move|p2a: Dondozo|Fissure|p1a: Palafin\n|-damage|p1a: Palafin|0 fnt\n|faint|p1a: Palafin\n|-ohko\n|\n|-heal|p2a: Dondozo|78\/100|[from] item: Leftovers\n|upkeep\n|\n|t:|1682656028\n|switch|p1a: Amoonguss|Amoonguss, L50, M|100\/100\n|turn|4\n|-message|Chi U R Dead forfeited.\n|\n|win|lin7482\n|raw|Chi U R Dead's rating: 1715 → 1693<\/strong> (-22 for losing)\n|raw|lin7482's rating: 1672 → 1694<\/strong> (+22 for winning)\n|l|\u2606lin7482\n","uploadtime":1682656040,"views":8,"p1id":"chiurdead","p2id":"lin7482","formatid":"gen9vgc2023regulationc","rating":1693,"private":0,"password":""}