{"id":"gen9vgc2023regulationc-1851598377","p1":"19402u","p2":"mysafewordisharder","format":"[Gen 9] VGC 2023 Regulation C","log":"|j|\u260619402u\n|j|\u2606mysafewordisharder\n|t:|1682459622\n|gametype|doubles\n|player|p1|19402u|102|1481\n|player|p2|mysafewordisharder|milo|1395\n|teamsize|p1|6\n|teamsize|p2|6\n|gen|9\n|tier|[Gen 9] VGC 2023 Regulation C\n|rated|\n|rule|Species Clause: Limit one of each Pok\u00e9mon\n|rule|Item Clause: Limit one of each item\n|clearpoke\n|poke|p1|Glimmora, L50, M|\n|poke|p1|Dragonite, L50, M|\n|poke|p1|Dondozo, L50, M|\n|poke|p1|Tatsugiri, L50, F|\n|poke|p1|Chi-Yu, L50|\n|poke|p1|Iron Bundle, L50|\n|poke|p2|Garganacl, L50, F|\n|poke|p2|Arcanine, L50, M|\n|poke|p2|Amoonguss, L50, F|\n|poke|p2|Palafin, L50, M|\n|poke|p2|Flutter Mane, L50|\n|poke|p2|Baxcalibur, L50, M|\n|teampreview|4\n|c|\u2606mysafewordisharder|glhf\n19402u has agreed to open team sheets.\nmysafewordisharder has agreed to open team sheets.\n|c|\u260619402u|u2 i love ots folks\n|c|\u2606mysafewordisharder|same\n|c|\u2606mysafewordisharder|prepping for a regional\n|c|\u2606mysafewordisharder|and local\n|c|\u260619402u|same\n|c|\u2606mysafewordisharder|i wish there was a seperate option for open teamsheet only\n|c|\u260619402u|lol good idea\n|\n|t:|1682459698\n|start\n|switch|p1a: Chi-Yu|Chi-Yu, L50|100\/100\n|switch|p1b: Iron Bundle|Iron Bundle, L50, shiny|100\/100\n|switch|p2a: Chest Day|Palafin, L50, M|100\/100\n|switch|p2b: It's not a phase|Flutter Mane, L50|100\/100\n|-ability|p1a: Chi-Yu|Beads of Ruin\n|-enditem|p1b: Iron Bundle|Booster Energy\n|-activate|p1b: Iron Bundle|ability: Quark Drive|[fromitem]\n|-start|p1b: Iron Bundle|quarkdrivespe\n|-enditem|p2b: It's not a phase|Booster Energy\n|-activate|p2b: It's not a phase|ability: Protosynthesis|[fromitem]\n|-start|p2b: It's not a phase|protosynthesisspa\n|turn|1\n|\n|t:|1682459733\n|detailschange|p2a: Chest Day|Palafin-Hero, L50, M\n|switch|p2a: Salt me Bae|Garganacl, L50, F|100\/100\n|move|p1b: Iron Bundle|Icy Wind|p2b: It's not a phase|[spread] p2a,p2b\n|-damage|p2a: Salt me Bae|82\/100\n|-damage|p2b: It's not a phase|73\/100\n|-unboost|p2a: Salt me Bae|spe|1\n|-unboost|p2b: It's not a phase|spe|1\n|move|p1a: Chi-Yu|Dark Pulse|p2b: It's not a phase\n|-damage|p2b: It's not a phase|15\/100\n|move|p2b: It's not a phase|Substitute|p2b: It's not a phase\n|-fail|p2b: It's not a phase|move: Substitute|[weak]\n|\n|-heal|p2a: Salt me Bae|88\/100|[from] item: Leftovers\n|upkeep\n|turn|2\n|\n|t:|1682459764\n|-terastallize|p2a: Salt me Bae|Grass\n|move|p2b: It's not a phase|Protect|p2b: It's not a phase\n|-singleturn|p2b: It's not a phase|Protect\n|move|p1b: Iron Bundle|Hydro Pump|p2a: Salt me Bae\n|-resisted|p2a: Salt me Bae\n|-damage|p2a: Salt me Bae|64\/100\n|move|p1a: Chi-Yu|Heat Wave|p2b: It's not a phase|[spread] \n|-activate|p2b: It's not a phase|move: Protect\n|-miss|p1a: Chi-Yu|p2a: Salt me Bae\n|move|p2a: Salt me Bae|Salt Cure|p1b: Iron Bundle\n|-supereffective|p1b: Iron Bundle\n|-damage|p1b: Iron Bundle|69\/100\n|-start|p1b: Iron Bundle|Salt Cure\n|\n|-heal|p2a: Salt me Bae|70\/100|[from] item: Leftovers\n|-damage|p1b: Iron Bundle|44\/100|[from] Salt Cure\n|upkeep\n|turn|3\n|\n|t:|1682459784\n|move|p2a: Salt me Bae|Wide Guard|p2a: Salt me Bae\n|-singleturn|p2a: Salt me Bae|Wide Guard\n|move|p1b: Iron Bundle|Freeze-Dry|p2b: It's not a phase\n|-damage|p2b: It's not a phase|0 fnt\n|faint|p2b: It's not a phase\n|-end|p2b: It's not a phase|Protosynthesis|[silent]\n|move|p1a: Chi-Yu|Overheat|p2a: Salt me Bae\n|-supereffective|p2a: Salt me Bae\n|-damage|p2a: Salt me Bae|0 fnt\n|-unboost|p1a: Chi-Yu|spa|2\n|faint|p2a: Salt me Bae\n|\n|-damage|p1b: Iron Bundle|19\/100|[from] Salt Cure\n|upkeep\n|c|\u2606mysafewordisharder|gg wp\n|-message|mysafewordisharder forfeited.\n|\n|win|19402u\n|raw|19402u's rating: 1481 → 1496<\/strong> (+15 for winning)\n|raw|mysafewordisharder's rating: 1395 → 1380<\/strong> (-15 for losing)\n|c|\u260619402u|gg\n|c|\u260619402u|gl in your prep\n|c|\u2606mysafewordisharder|thx\n|c|\u2606mysafewordisharder|u23\n","uploadtime":1682459811,"views":19,"p1id":"19402u","p2id":"mysafewordisharder","formatid":"gen9vgc2023regulationc","rating":1380,"private":0,"password":""}