{"id":"gen9vgc2023regulationc-1845102033","p1":"DaWoblefet","p2":"khyper","format":"[Gen 9] VGC 2023 Regulation C","log":"|j|\u2606DaWoblefet\n|j|\u2606khyper\n|t:|1681683753\n|gametype|doubles\n|player|p1|DaWoblefet|#dawoblefet|\n|player|p2|khyper|266|\n|teamsize|p1|6\n|teamsize|p2|6\n|gen|9\n|tier|[Gen 9] VGC 2023 Regulation C\n|rated|Tournament battle\n|rule|Species Clause: Limit one of each Pok\u00e9mon\n|rule|Item Clause: Limit one of each item\n|clearpoke\n|poke|p1|Arcanine, L50, F|\n|poke|p1|Baxcalibur, L50, M|\n|poke|p1|Flutter Mane, L50|\n|poke|p1|Palafin, L50, M|\n|poke|p1|Amoonguss, L50, F|\n|poke|p1|Ting-Lu, L50|\n|poke|p2|Roaring Moon, L50|\n|poke|p2|Flutter Mane, L50|\n|poke|p2|Torkoal, L50, F|\n|poke|p2|Chi-Yu, L50|\n|poke|p2|Gyarados, L50, M|\n|poke|p2|Brute Bonnet, L50|\n|teampreview|4\n|raw| Open Team Sheet for DaWoblefet<\/summary>Arcanine @ Safety Goggles Ability: Intimidate Level: 50 Tera Type: Flying - Flare Blitz - Extreme Speed - Will-O-Wisp - Protect Baxcalibur @ Clear Amulet Ability: Thermal Exchange Level: 50 Tera Type: Poison - Glaive Rush - Icicle Crash - Ice Shard - Protect Flutter Mane @ Choice Specs Ability: Protosynthesis Level: 50 Shiny: Yes Tera Type: Fairy - Moonblast - Shadow Ball - Dazzling Gleam - Power Gem Palafin @ Mystic Water Ability: Zero to Hero Level: 50 Shiny: Yes Tera Type: Water - Wave Crash - Jet Punch - Substitute - Protect Amoonguss @ Sitrus Berry Ability: Regenerator Level: 50 Tera Type: Water - Rage Powder - Spore - Pollen Puff - Clear Smog Ting-Lu @ Assault Vest Ability: Vessel of Ruin Level: 50 Tera Type: Poison - Stomping Tantrum - Ruination - Heavy Slam - Stone Edge <\/details><\/div> Open Team Sheet for khyper<\/summary>Roaring Moon @ Clear Amulet Ability: Protosynthesis Level: 50 Tera Type: Fire - Protect - Jaw Lock - Breaking Swipe - Dragon Dance Flutter Mane @ Choice Specs Ability: Protosynthesis Level: 50 Tera Type: Fairy - Dazzling Gleam - Shadow Ball - Thunderbolt - Moonblast Torkoal @ Assault Vest Ability: Drought Level: 50 Tera Type: Grass - Eruption - Heat Wave - Solar Beam - Clear Smog Chi-Yu @ Choice Scarf Ability: Beads of Ruin Level: 50 Tera Type: Ghost - Snarl - Heat Wave - Dark Pulse - Overheat Gyarados @ Safety Goggles Ability: Intimidate Level: 50 Tera Type: Water - Helping Hand - Waterfall - Thunder Wave - Taunt Brute Bonnet @ Loaded Dice Ability: Protosynthesis Level: 50 Tera Type: Poison - Rage Powder - Spore - Bullet Seed - Sucker Punch <\/details><\/div>\n|c|\u2606DaWoblefet|gl hf\n|c|\u2606khyper|u2\n|j| That_Leek\n|j| TheJJSilvaVGC\n|\n|t:|1681683811\n|start\n|switch|p1a: Flutter Mane|Flutter Mane, L50, shiny|100\/100\n|switch|p1b: Baxcalibur|Baxcalibur, L50, M|100\/100\n|switch|p2a: Flutter Mane|Flutter Mane, L50|100\/100\n|switch|p2b: Chi-Yu|Chi-Yu, L50|100\/100\n|-ability|p2b: Chi-Yu|Beads of Ruin\n|turn|1\n|j| MajorStar\n|\n|t:|1681683837\n|move|p2b: Chi-Yu|Dark Pulse|p1b: Baxcalibur\n|-damage|p1b: Baxcalibur|53\/100\n|move|p1a: Flutter Mane|Shadow Ball|p2a: Flutter Mane\n|-supereffective|p2a: Flutter Mane\n|-damage|p2a: Flutter Mane|0 fnt\n|faint|p2a: Flutter Mane\n|-end|p2a: Flutter Mane|Protosynthesis|[silent]\n|move|p1b: Baxcalibur|Glaive Rush|p2b: Chi-Yu\n|-damage|p2b: Chi-Yu|12\/100\n|-singlemove|p1b: Baxcalibur|Glaive Rush|[silent]\n|\n|upkeep\n|j| ale cog\n|j| spectacled eider\n|\n|t:|1681683855\n|switch|p2a: Brute Bonnet|Brute Bonnet, L50|100\/100\n|turn|2\n|\n|t:|1681683870\n|switch|p2b: Torkoal|Torkoal, L50, F|100\/100\n|-weather|SunnyDay|[from] ability: Drought|[of] p2b: Torkoal\n|-activate|p1a: Flutter Mane|ability: Protosynthesis\n|-start|p1a: Flutter Mane|protosynthesisspe\n|-activate|p2a: Brute Bonnet|ability: Protosynthesis\n|-start|p2a: Brute Bonnet|protosynthesisatk\n|-end|p1a: Flutter Mane|Protosynthesis|[silent]\n|switch|p1a: Arcanine|Arcanine, L50, F|100\/100\n|-ability|p1a: Arcanine|Intimidate|boost\n|-unboost|p2a: Brute Bonnet|atk|1\n|-unboost|p2b: Torkoal|atk|1\n|-terastallize|p2a: Brute Bonnet|Poison\n|move|p1b: Baxcalibur|Protect|p1b: Baxcalibur\n|-singleturn|p1b: Baxcalibur|Protect\n|move|p2a: Brute Bonnet|Bullet Seed|p1a: Arcanine\n|-resisted|p1a: Arcanine\n|-damage|p1a: Arcanine|94\/100\n|-resisted|p1a: Arcanine\n|-damage|p1a: Arcanine|89\/100\n|-resisted|p1a: Arcanine\n|-damage|p1a: Arcanine|84\/100\n|-resisted|p1a: Arcanine\n|-damage|p1a: Arcanine|79\/100\n|-resisted|p1a: Arcanine\n|-damage|p1a: Arcanine|74\/100\n|-hitcount|p1a: Arcanine|5\n|\n|-weather|SunnyDay|[upkeep]\n|upkeep\n|turn|3\n|j| DaGreedent+\n|\n|t:|1681683922\n|switch|p2b: Chi-Yu|Chi-Yu, L50|12\/100\n|-ability|p2b: Chi-Yu|Beads of Ruin\n|move|p1a: Arcanine|Flare Blitz|p2a: Brute Bonnet\n|-damage|p2a: Brute Bonnet|36\/100\n|-damage|p1a: Arcanine|51\/100|[from] Recoil\n|move|p1b: Baxcalibur|Glaive Rush|p2a: Brute Bonnet\n|-damage|p2a: Brute Bonnet|0 fnt\n|-singlemove|p1b: Baxcalibur|Glaive Rush|[silent]\n|faint|p2a: Brute Bonnet\n|-end|p2a: Brute Bonnet|Protosynthesis|[silent]\n|\n|-weather|SunnyDay|[upkeep]\n|upkeep\n|\n|t:|1681683931\n|switch|p2a: Torkoal|Torkoal, L50, F|100\/100\n|turn|4\n|\n|t:|1681683936\n|switch|p1b: Ting-Lu|Ting-Lu, L50|100\/100\n|-ability|p1b: Ting-Lu|Vessel of Ruin\n|move|p1a: Arcanine|Extreme Speed|p2b: Chi-Yu\n|-damage|p2b: Chi-Yu|0 fnt\n|faint|p2b: Chi-Yu\n|move|p2a: Torkoal|Heat Wave|p1b: Ting-Lu|[spread] p1b\n|-miss|p2a: Torkoal|p1a: Arcanine\n|-damage|p1b: Ting-Lu|83\/100\n|\n|-weather|SunnyDay|[upkeep]\n|upkeep\n|turn|5\n|c|\u2606khyper|gg\n|-message|khyper forfeited.\n|\n|win|DaWoblefet\n|n|\u2606DaWoblefet|dawoblefet\n|n|\u2606khyper|khyper\n|n| That_Leek|thatleek\n|n| TheJJSilvaVGC|thejjsilvavgc\n|n| MajorStar|majorstar\n|n| ale cog|alecog\n|n| spectacled eider|spectacledeider\n|n| DaGreedent+|dagreedent\n","uploadtime":1681683952,"views":11,"p1id":"dawoblefet","p2id":"khyper","formatid":"gen9vgc2023regulationc","rating":0,"private":0,"password":""}