{"id":"gen9vgc2023regulationc-1861269524","p1":"Sandyeyez","p2":"Sgutar_64","format":"[Gen 9] VGC 2023 Regulation C","log":"|j|\u2606Sandyeyez\n|j|\u2606Sgutar_64\n|t:|1683741129\n|gametype|doubles\n|player|p1|Sandyeyez|102|1079\n|player|p2|Sgutar_64|102|1140\n|teamsize|p1|6\n|teamsize|p2|6\n|gen|9\n|tier|[Gen 9] VGC 2023 Regulation C\n|rated|\n|rule|Species Clause: Limit one of each Pok\u00e9mon\n|rule|Item Clause: Limit one of each item\n|clearpoke\n|poke|p1|Lycanroc, L50, F|\n|poke|p1|Tyranitar, L50, F|\n|poke|p1|Dondozo, L50, M|\n|poke|p1|Tatsugiri-Stretchy, L50, M|\n|poke|p1|Chi-Yu, L50|\n|poke|p1|Iron Bundle, L50|\n|poke|p2|Roaring Moon, L50|\n|poke|p2|Torkoal, L50, M|\n|poke|p2|Amoonguss, L50, M|\n|poke|p2|Palafin, L50, F|\n|poke|p2|Ting-Lu, L50|\n|poke|p2|Flutter Mane, L50|\n|teampreview|4\n|\n|t:|1683741155\n|start\n|switch|p1a: Lycanroc|Lycanroc, L50, F, shiny|100\/100\n|switch|p1b: Tyranitar|Tyranitar, L50, F|100\/100\n|switch|p2a: Flutter Mane|Flutter Mane, L50|100\/100\n|switch|p2b: Amoonguss|Amoonguss, L50, M|100\/100\n|-weather|Sandstorm|[from] ability: Sand Stream|[of] p1b: Tyranitar\n|turn|1\n|inactive|Battle timer is ON: inactive players will automatically lose when time's up. (requested by Sandyeyez)\n|\n|t:|1683741170\n|move|p2b: Amoonguss|Rage Powder|p2b: Amoonguss\n|-singleturn|p2b: Amoonguss|move: Rage Powder\n|move|p1a: Lycanroc|Rock Slide|p2b: Amoonguss|[spread] p2a,p2b\n|-damage|p2a: Flutter Mane|40\/100\n|-damage|p2b: Amoonguss|67\/100\n|move|p2a: Flutter Mane|Moonblast|p1b: Tyranitar\n|-supereffective|p1b: Tyranitar\n|-damage|p1b: Tyranitar|48\/100\n|-damage|p2a: Flutter Mane|30\/100|[from] item: Life Orb\n|move|p1b: Tyranitar|Assurance|p2b: Amoonguss\n|-damage|p2b: Amoonguss|0 fnt\n|faint|p2b: Amoonguss\n|\n|-weather|Sandstorm|[upkeep]\n|-damage|p2a: Flutter Mane|24\/100|[from] Sandstorm\n|upkeep\n|\n|t:|1683741179\n|switch|p2b: Palafin|Palafin, L50, F|100\/100\n|turn|2\n|\n|t:|1683741204\n|-end|p2a: Flutter Mane|Protosynthesis|[silent]\n|switch|p2a: Ting-Lu|Ting-Lu, L50|100\/100\n|-ability|p2a: Ting-Lu|Vessel of Ruin\n|-terastallize|p1b: Tyranitar|Grass\n|move|p2b: Palafin|Jet Punch|p1a: Lycanroc\n|-supereffective|p1a: Lycanroc\n|-damage|p1a: Lycanroc|1\/100\n|move|p1a: Lycanroc|Rock Slide|p2a: Ting-Lu|[spread] p2a\n|-miss|p1a: Lycanroc|p2b: Palafin\n|-resisted|p2a: Ting-Lu\n|-damage|p2a: Ting-Lu|94\/100\n|move|p1b: Tyranitar|Tera Blast|p2b: Palafin\n|-supereffective|p2b: Palafin\n|-damage|p2b: Palafin|0 fnt\n|faint|p2b: Palafin\n|\n|-weather|Sandstorm|[upkeep]\n|-damage|p1b: Tyranitar|42\/100|[from] Sandstorm\n|upkeep\n|\n|t:|1683741212\n|switch|p2b: Flutter Mane|Flutter Mane, L50|24\/100\n|turn|3\n|\n|t:|1683741226\n|-terastallize|p2a: Ting-Lu|Poison\n|move|p2b: Flutter Mane|Protect|p2b: Flutter Mane\n|-singleturn|p2b: Flutter Mane|Protect\n|move|p1a: Lycanroc|Endeavor|p2a: Ting-Lu\n|-damage|p2a: Ting-Lu|1\/100\n|move|p1b: Tyranitar|Rock Slide|p2b: Flutter Mane|[spread] p2a\n|-activate|p2b: Flutter Mane|move: Protect\n|-damage|p2a: Ting-Lu|0 fnt\n|faint|p2a: Ting-Lu\n|\n|-weather|Sandstorm|[upkeep]\n|-damage|p2b: Flutter Mane|17\/100|[from] Sandstorm\n|-damage|p1b: Tyranitar|36\/100|[from] Sandstorm\n|upkeep\n|turn|4\n|\n|t:|1683741240\n|move|p1a: Lycanroc|Rock Slide|p2b: Flutter Mane\n|-damage|p2b: Flutter Mane|0 fnt\n|faint|p2b: Flutter Mane\n|-end|p2b: Flutter Mane|Protosynthesis|[silent]\n|\n|win|Sandyeyez\n|raw|Sandyeyez's rating: 1079 → 1112<\/strong> (+33 for winning)\n|raw|Sgutar_64's rating: 1140 → 1111<\/strong> (-29 for losing)\n|l|\u2606Sgutar_64\n","uploadtime":1683741253,"views":10,"p1id":"sandyeyez","p2id":"sgutar64","formatid":"gen9vgc2023regulationc","rating":1111,"private":0,"password":""}