{"id":"gen9vgc2023regulationc-1860232257","p1":"SlushiW","p2":"WallyTryHard","format":"[Gen 9] VGC 2023 Regulation C","log":"|j|\u2606SlushiW\n|j|\u2606WallyTryHard\n|t:|1683614997\n|gametype|doubles\n|player|p1|SlushiW|ethan-pokeathlon|\n|player|p2|WallyTryHard|1|\n|teamsize|p1|6\n|teamsize|p2|6\n|gen|9\n|tier|[Gen 9] VGC 2023 Regulation C\n|rated|Tournament battle\n|rule|Species Clause: Limit one of each Pok\u00e9mon\n|rule|Item Clause: Limit one of each item\n|clearpoke\n|poke|p1|Maushold-Four, L50|\n|poke|p1|Dragonite, L50, M|\n|poke|p1|Gholdengo, L50|\n|poke|p1|Great Tusk, L50|\n|poke|p1|Iron Bundle, L50|\n|poke|p1|Murkrow, L50, M|\n|poke|p2|Chi-Yu, L50|\n|poke|p2|Azumarill, L50, F|\n|poke|p2|Flutter Mane, L50|\n|poke|p2|Gholdengo, L50|\n|poke|p2|Murkrow, L50, F|\n|poke|p2|Great Tusk, L50|\n|teampreview|4\n|raw| Open Team Sheet for SlushiW<\/summary>Maushold (Maushold-Four) @ Safety Goggles Ability: Friend Guard Level: 50 Shiny: Yes Tera Type: Ghost - Follow Me - Super Fang - Taunt - Protect Dragonite (M) @ Assault Vest Ability: Inner Focus Level: 50 Tera Type: Flying - Dragon Claw - Extreme Speed - Stomping Tantrum - Tera Blast Gholdengo @ Leftovers Ability: Good as Gold Level: 50 Tera Type: Water - Make It Rain - Shadow Ball - Nasty Plot - Protect Great Tusk @ Life Orb Ability: Protosynthesis Level: 50 Hidden Power: Fighting Tera Type: Fire - Headlong Rush - Close Combat - Earthquake - Protect Iron Bundle @ Booster Energy Ability: Quark Drive Level: 50 Shiny: Yes Tera Type: Grass - Hydro Pump - Freeze-Dry - Icy Wind - Protect Murkrow (M) @ Focus Sash Ability: Prankster Level: 50 Shiny: Yes Tera Type: Ghost - Foul Play - Tailwind - Quash - Haze <\/details><\/div> Open Team Sheet for WallyTryHard<\/summary>Habanero (Chi-Yu) @ Choice Specs Ability: Beads of Ruin Level: 50 Tera Type: Grass - Heat Wave - Dark Pulse - Overheat - Tera Blast Palafun (Azumarill) @ Assault Vest Ability: Huge Power Level: 50 Tera Type: Water - Liquidation - Play Rough - Ice Spinner - Aqua Jet Flutter Side (Flutter Mane) @ Focus Sash Ability: Protosynthesis Level: 50 Tera Type: Fairy - Dazzling Gleam - Shadow Ball - Imprison - Trick Room Dogecoin (Gholdengo) @ Leftovers Ability: Good as Gold Level: 50 Tera Type: Flying - Make It Rain - Shadow Ball - Nasty Plot - Protect Lurkrow (Murkrow) @ Eviolite Ability: Prankster Level: 50 Tera Type: Steel - Foul Play - Haze - Tailwind - Sunny Day iykyk (Great Tusk) @ Choice Scarf Ability: Protosynthesis Level: 50 Hidden Power: Fighting Tera Type: Fire - Earthquake - Headlong Rush - Rock Slide - Close Combat <\/details><\/div>\n|inactive|Battle timer is ON: inactive players will automatically lose when time's up. (requested by SlushiW)\n|inactive|WallyTryHard also wants the timer to be on.\n|c|\u2606WallyTryHard|gl hf!\n|j| Specvish\n|c| Specvish|Azu vs iron buns\n|inactive|SlushiW has 60 seconds left.\n|inactive|WallyTryHard has 60 seconds left.\n|\n|t:|1683615047\n|start\n|switch|p1a: Maushold|Maushold-Four, L50, shiny|100\/100\n|switch|p1b: Dragonite|Dragonite, L50, M|100\/100\n|switch|p2a: Lurkrow|Murkrow, L50, F|100\/100\n|switch|p2b: Habanero|Chi-Yu, L50|100\/100\n|-ability|p2b: Habanero|Beads of Ruin\n|turn|1\n|inactive|WallyTryHard has 30 seconds left.\n|\n|t:|1683615073\n|move|p1a: Maushold|Protect|p1a: Maushold\n|-singleturn|p1a: Maushold|Protect\n|move|p2a: Lurkrow|Tailwind|p2a: Lurkrow\n|-sidestart|p2: WallyTryHard|move: Tailwind\n|move|p2b: Habanero|Heat Wave|p1b: Dragonite|[spread] p1b\n|-activate|p1a: Maushold|move: Protect\n|-resisted|p1b: Dragonite\n|-damage|p1b: Dragonite|83\/100\n|move|p1b: Dragonite|Stomping Tantrum|p2b: Habanero\n|-supereffective|p2b: Habanero\n|-damage|p2b: Habanero|3\/100\n|\n|upkeep\n|turn|2\n|j| vbxsvbxsd\n|inactive|SlushiW has 30 seconds left.\n|\n|t:|1683615098\n|switch|p2b: iykyk|Great Tusk, L50|100\/100\n|-terastallize|p1b: Dragonite|Flying\n|move|p1a: Maushold|Follow Me|p1a: Maushold\n|-singleturn|p1a: Maushold|move: Follow Me\n|move|p2a: Lurkrow|Sunny Day|p2a: Lurkrow\n|-weather|SunnyDay\n|-activate|p2b: iykyk|ability: Protosynthesis\n|-start|p2b: iykyk|protosynthesisatk\n|move|p1b: Dragonite|Tera Blast|p2b: iykyk\n|-supereffective|p2b: iykyk\n|-damage|p2b: iykyk|6\/100\n|\n|-weather|SunnyDay|[upkeep]\n|upkeep\n|turn|3\n|\n|t:|1683615112\n|move|p1a: Maushold|Follow Me|p1a: Maushold\n|-singleturn|p1a: Maushold|move: Follow Me\n|move|p1b: Dragonite|Extreme Speed|p2b: iykyk\n|-damage|p2b: iykyk|0 fnt\n|faint|p2b: iykyk\n|-end|p2b: iykyk|Protosynthesis|[silent]\n|move|p2a: Lurkrow|Foul Play|p1a: Maushold\n|-damage|p1a: Maushold|77\/100\n|\n|-weather|SunnyDay|[upkeep]\n|upkeep\n|\n|t:|1683615121\n|switch|p2b: Palafun|Azumarill, L50, F|100\/100\n|turn|4\n|\n|t:|1683615129\n|move|p1a: Maushold|Follow Me|p1a: Maushold\n|-singleturn|p1a: Maushold|move: Follow Me\n|move|p2a: Lurkrow|Foul Play|p1a: Maushold\n|-damage|p1a: Maushold|53\/100\n|move|p2b: Palafun|Ice Spinner|p1a: Maushold\n|-damage|p1a: Maushold|14\/100\n|move|p1b: Dragonite|Tera Blast|p2a: Lurkrow\n|-damage|p2a: Lurkrow|25\/100\n|\n|-weather|SunnyDay|[upkeep]\n|-sideend|p2: WallyTryHard|move: Tailwind\n|upkeep\n|turn|5\n|\n|t:|1683615139\n|move|p1b: Dragonite|Extreme Speed|p2a: Lurkrow\n|-damage|p2a: Lurkrow|0 fnt\n|faint|p2a: Lurkrow\n|move|p1a: Maushold|Super Fang|p2b: Palafun\n|-damage|p2b: Palafun|50\/100\n|move|p2b: Palafun|Ice Spinner|p1b: Dragonite\n|-supereffective|p1b: Dragonite\n|-damage|p1b: Dragonite|32\/100\n|\n|-weather|SunnyDay|[upkeep]\n|upkeep\n|\n|t:|1683615148\n|switch|p2a: Habanero|Chi-Yu, L50|3\/100\n|-ability|p2a: Habanero|Beads of Ruin\n|turn|6\n|\n|t:|1683615164\n|move|p1a: Maushold|Follow Me|p1a: Maushold\n|-singleturn|p1a: Maushold|move: Follow Me\n|move|p1b: Dragonite|Extreme Speed|p2a: Habanero\n|-damage|p2a: Habanero|0 fnt\n|faint|p2a: Habanero\n|move|p2b: Palafun|Aqua Jet|p1a: Maushold\n|-damage|p1a: Maushold|1\/100\n|\n|-weather|none\n|upkeep\n|turn|7\n|c|\u2606WallyTryHard|ggwp\n|c|\u2606SlushiW|gg\n|\n|t:|1683615189\n|move|p1a: Maushold|Follow Me|p1a: Maushold\n|-singleturn|p1a: Maushold|move: Follow Me\n|move|p1b: Dragonite|Tera Blast|p2b: Palafun\n|-damage|p2b: Palafun|0 fnt\n|faint|p2b: Palafun\n|\n|win|SlushiW\n|n|\u2606SlushiW|slushiw\n|n|\u2606WallyTryHard|wallytryhard\n|n| Specvish|specvish\n|n| vbxsvbxsd|vbxsvbxsd\n","uploadtime":1683615190,"views":7,"p1id":"slushiw","p2id":"wallytryhard","formatid":"gen9vgc2023regulationc","rating":0,"private":0,"password":""}