{"id":"gen9vgc2023regulationc-1859461602","p1":"Inv2021","p2":"pupulovessixsheep","format":"[Gen 9] VGC 2023 Regulation C","log":"|j|\u2606Inv2021\n|j|\u2606pupulovessixsheep\n|t:|1683471574\n|gametype|doubles\n|player|p1|Inv2021|lucas|1080\n|player|p2|pupulovessixsheep|265|1170\n|teamsize|p1|6\n|teamsize|p2|6\n|gen|9\n|tier|[Gen 9] VGC 2023 Regulation C\n|rated|\n|rule|Species Clause: Limit one of each Pok\u00e9mon\n|rule|Item Clause: Limit one of each item\n|clearpoke\n|poke|p1|Palafin, L50, M|\n|poke|p1|Chi-Yu, L50|\n|poke|p1|Iron Hands, L50|\n|poke|p1|Amoonguss, L50, M|\n|poke|p1|Arcanine, L50, F|\n|poke|p1|Flutter Mane, L50|\n|poke|p2|Talonflame, L50, M|\n|poke|p2|Chi-Yu, L50|\n|poke|p2|Flutter Mane, L50|\n|poke|p2|Amoonguss, L50, F|\n|poke|p2|Tyranitar, L50, F|\n|poke|p2|Houndstone, L50, M|\n|teampreview|4\n|inactive|Battle timer is ON: inactive players will automatically lose when time's up. (requested by pupulovessixsheep)\n|\n|t:|1683471608\n|start\n|switch|p1a: Iron Hands|Iron Hands, L50|100\/100\n|switch|p1b: Mimi|Flutter Mane, L50|100\/100\n|switch|p2a: Tyranitar|Tyranitar, L50, F, shiny|100\/100\n|switch|p2b: Amoonguss|Amoonguss, L50, F|100\/100\n|-weather|Sandstorm|[from] ability: Sand Stream|[of] p2a: Tyranitar\n|-enditem|p1b: Mimi|Booster Energy\n|-activate|p1b: Mimi|ability: Protosynthesis|[fromitem]\n|-start|p1b: Mimi|protosynthesisspa\n|turn|1\n|\n|t:|1683471624\n|move|p2a: Tyranitar|Protect|p2a: Tyranitar\n|-singleturn|p2a: Tyranitar|Protect\n|move|p1a: Iron Hands|Fake Out|p2b: Amoonguss\n|-crit|p2b: Amoonguss\n|-damage|p2b: Amoonguss|86\/100\n|move|p1b: Mimi|Moonblast|p2a: Tyranitar\n|-activate|p2a: Tyranitar|move: Protect\n|cant|p2b: Amoonguss|flinch\n|\n|-weather|Sandstorm|[upkeep]\n|-damage|p1b: Mimi|95\/100|[from] Sandstorm\n|-damage|p1a: Iron Hands|94\/100|[from] Sandstorm\n|-damage|p2b: Amoonguss|80\/100|[from] Sandstorm\n|-heal|p2b: Amoonguss|86\/100|[from] item: Leftovers\n|upkeep\n|turn|2\n|\n|t:|1683471641\n|move|p2b: Amoonguss|Rage Powder|p2b: Amoonguss\n|-singleturn|p2b: Amoonguss|move: Rage Powder\n|move|p1b: Mimi|Dazzling Gleam|p2b: Amoonguss|[spread] p2a,p2b\n|-supereffective|p2a: Tyranitar\n|-resisted|p2b: Amoonguss\n|-damage|p2a: Tyranitar|56\/100\n|-damage|p2b: Amoonguss|67\/100\n|-enditem|p2a: Tyranitar|Weakness Policy\n|-boost|p2a: Tyranitar|atk|2|[from] item: Weakness Policy\n|-boost|p2a: Tyranitar|spa|2|[from] item: Weakness Policy\n|move|p2a: Tyranitar|Dragon Dance|p2a: Tyranitar\n|-boost|p2a: Tyranitar|atk|1\n|-boost|p2a: Tyranitar|spe|1\n|move|p1a: Iron Hands|Close Combat|p2b: Amoonguss\n|-resisted|p2b: Amoonguss\n|-damage|p2b: Amoonguss|45\/100\n|-unboost|p1a: Iron Hands|def|1\n|-unboost|p1a: Iron Hands|spd|1\n|\n|-weather|Sandstorm|[upkeep]\n|-damage|p1b: Mimi|89\/100|[from] Sandstorm\n|-damage|p1a: Iron Hands|88\/100|[from] Sandstorm\n|-damage|p2b: Amoonguss|39\/100|[from] Sandstorm\n|-heal|p2b: Amoonguss|45\/100|[from] item: Leftovers\n|upkeep\n|turn|3\n|\n|t:|1683471663\n|-end|p1b: Mimi|Protosynthesis|[silent]\n|switch|p1b: WoChien|Amoonguss, L50, M|100\/100\n|-terastallize|p1a: Iron Hands|Grass\n|move|p2b: Amoonguss|Rage Powder|p2b: Amoonguss\n|-singleturn|p2b: Amoonguss|move: Rage Powder\n|move|p2a: Tyranitar|Rock Slide|p1a: Iron Hands|[spread] p1a,p1b\n|-crit|p1a: Iron Hands\n|-damage|p1a: Iron Hands|0 fnt\n|-damage|p1b: WoChien|39\/100\n|-enditem|p1b: WoChien|Sitrus Berry|[eat]\n|-heal|p1b: WoChien|64\/100|[from] item: Sitrus Berry\n|faint|p1a: Iron Hands\n|-end|p1a: Iron Hands|Quark Drive|[silent]\n|\n|-weather|Sandstorm|[upkeep]\n|-damage|p2b: Amoonguss|39\/100|[from] Sandstorm\n|-damage|p1b: WoChien|58\/100|[from] Sandstorm\n|-heal|p2b: Amoonguss|45\/100|[from] item: Leftovers\n|upkeep\n|-message|Inv2021 forfeited.\n|\n|win|pupulovessixsheep\n|raw|Inv2021's rating: 1080 → 1064<\/strong> (-16 for losing)\n|raw|pupulovessixsheep's rating: 1170 → 1189<\/strong> (+19 for winning)\n|l|\u2606Inv2021\n","uploadtime":1683471686,"views":8,"p1id":"inv2021","p2id":"pupulovessixsheep","formatid":"gen9vgc2023regulationc","rating":1064,"private":0,"password":""}