{"id":"gen9vgc2023regulationc-1861391211","p1":"Lutrinae Arctis","p2":"Vulnerarily","format":"[Gen 9] VGC 2023 Regulation C","log":"|j|\u2606Lutrinae Arctis\n|j|\u2606Vulnerarily\n|t:|1683752608\n|gametype|doubles\n|player|p1|Lutrinae Arctis|dawn-gen4pt|1284\n|player|p2|Vulnerarily|ingo|1369\n|teamsize|p1|6\n|teamsize|p2|6\n|gen|9\n|tier|[Gen 9] VGC 2023 Regulation C\n|rated|\n|rule|Species Clause: Limit one of each Pok\u00e9mon\n|rule|Item Clause: Limit one of each item\n|clearpoke\n|poke|p1|Camerupt, L50, M|\n|poke|p1|Cryogonal, L50|\n|poke|p1|Drifblim, L50, M|\n|poke|p1|Breloom, L50, F|\n|poke|p1|Dragapult, L50, M|\n|poke|p1|Chien-Pao, L50|\n|poke|p2|Torkoal, L50, M|\n|poke|p2|Lilligant, L50, F|\n|poke|p2|Great Tusk, L50|\n|poke|p2|Flutter Mane, L50|\n|poke|p2|Talonflame, L50, M|\n|poke|p2|Chien-Pao, L50|\n|teampreview|4\nVulnerarily has agreed to open team sheets.\n|inactive|Battle timer is ON: inactive players will automatically lose when time's up. (requested by Lutrinae Arctis)\nLutrinae Arctis rejected open team sheets.\n|\n|t:|1683752642\n|start\n|switch|p1a: Drifblim|Drifblim, L50, M|100\/100\n|switch|p1b: Chien-Pao|Chien-Pao, L50|100\/100\n|switch|p2a: Flutter Mane|Flutter Mane, L50|100\/100\n|switch|p2b: Talonflame|Talonflame, L50, M|100\/100\n|-ability|p1b: Chien-Pao|Sword of Ruin\n|turn|1\n|\n|t:|1683752653\n|-terastallize|p2a: Flutter Mane|Fairy\n|move|p2b: Talonflame|Tailwind|p2b: Talonflame\n|-sidestart|p2: Vulnerarily|move: Tailwind\n|move|p2a: Flutter Mane|Dazzling Gleam|p1a: Drifblim|[spread] p1a,p1b\n|-supereffective|p1b: Chien-Pao\n|-damage|p1a: Drifblim|31\/100\n|-enditem|p1b: Chien-Pao|Focus Sash\n|-damage|p1b: Chien-Pao|1\/100\n|move|p1b: Chien-Pao|Ice Spinner|p2a: Flutter Mane\n|-damage|p2a: Flutter Mane|0 fnt\n|faint|p2a: Flutter Mane\n|-end|p2a: Flutter Mane|Protosynthesis|[silent]\n|move|p1a: Drifblim|Trick Room|p1a: Drifblim\n|-fieldstart|move: Trick Room|[of] p1a: Drifblim\n|\n|upkeep\n|\n|t:|1683752665\n|switch|p2a: Great Tusk|Great Tusk, L50|100\/100\n|turn|2\n|\n|t:|1683752676\n|move|p2b: Talonflame|Brave Bird|p1a: Drifblim\n|-damage|p1a: Drifblim|0 fnt\n|-damage|p2b: Talonflame|76\/100|[from] ability: Aftermath|[of] p1a: Drifblim\n|faint|p1a: Drifblim\n|-damage|p2b: Talonflame|61\/100|[from] Recoil\n|move|p1b: Chien-Pao|Ice Spinner|p2a: Great Tusk\n|-supereffective|p2a: Great Tusk\n|-damage|p2a: Great Tusk|25\/100\n|move|p2a: Great Tusk|Rock Slide|p1b: Chien-Pao\n|-supereffective|p1b: Chien-Pao\n|-damage|p1b: Chien-Pao|0 fnt\n|faint|p1b: Chien-Pao\n|\n|upkeep\n|\n|t:|1683752681\n|switch|p1a: Camerupt|Camerupt, L50, M|100\/100\n|switch|p1b: Cryogonal|Cryogonal, L50|100\/100\n|turn|3\n|\n|t:|1683752701\n|-terastallize|p1a: Camerupt|Ground\n|move|p1a: Camerupt|Rock Slide|p2b: Talonflame|[spread] p2a,p2b\n|-resisted|p2a: Great Tusk\n|-supereffective|p2b: Talonflame\n|-damage|p2a: Great Tusk|20\/100\n|-damage|p2b: Talonflame|0 fnt\n|faint|p2b: Talonflame\n|move|p1b: Cryogonal|Frost Breath|p1a: Camerupt|[miss]\n|-miss|p1b: Cryogonal|p1a: Camerupt\n|move|p2a: Great Tusk|Rock Slide|p1b: Cryogonal|[spread] p1a,p1b\n|-resisted|p1a: Camerupt\n|-supereffective|p1b: Cryogonal\n|-damage|p1a: Camerupt|88\/100\n|-damage|p1b: Cryogonal|52\/100\n|\n|upkeep\n|\n|t:|1683752707\n|switch|p2b: Chien-Pao|Chien-Pao, L50|100\/100\n|-ability|p2b: Chien-Pao|Sword of Ruin\n|turn|4\n|\n|t:|1683752718\n|move|p1a: Camerupt|Rock Slide|p2b: Chien-Pao|[spread] p2a,p2b\n|-resisted|p2a: Great Tusk\n|-supereffective|p2b: Chien-Pao\n|-damage|p2a: Great Tusk|14\/100\n|-damage|p2b: Chien-Pao|24\/100\n|move|p1b: Cryogonal|Reflect|p1b: Cryogonal\n|-sidestart|p1: Lutrinae Arctis|Reflect\n|move|p2b: Chien-Pao|Ice Spinner|p1a: Camerupt\n|-supereffective|p1a: Camerupt\n|-damage|p1a: Camerupt|0 fnt\n|faint|p1a: Camerupt\n|move|p2a: Great Tusk|Rock Slide|p1b: Cryogonal\n|-supereffective|p1b: Cryogonal\n|-damage|p1b: Cryogonal|0 fnt\n|faint|p1b: Cryogonal\n|\n|win|Vulnerarily\n|raw|Lutrinae Arctis's rating: 1284 → 1265<\/strong> (-19 for losing)\n|raw|Vulnerarily's rating: 1369 → 1384<\/strong> (+15 for winning)\n|c|\u2606Vulnerarily|gg\n|l|\u2606Lutrinae Arctis\n","uploadtime":1683752728,"views":13,"p1id":"lutrinaearctis","p2id":"vulnerarily","formatid":"gen9vgc2023regulationc","rating":1265,"private":0,"password":""}