{"id":"gen9vgc2023regulationc-1864408784","p1":"stamoactivo","p2":"littlemasteraik","format":"[Gen 9] VGC 2023 Regulation C","log":"|j|\u2606stamoactivo\n|j|\u2606littlemasteraik\n|t:|1684164058\n|gametype|doubles\n|player|p1|stamoactivo|lance|1395\n|player|p2|littlemasteraik|102|1379\n|teamsize|p1|6\n|teamsize|p2|6\n|gen|9\n|tier|[Gen 9] VGC 2023 Regulation C\n|rated|\n|rule|Species Clause: Limit one of each Pok\u00e9mon\n|rule|Item Clause: Limit one of each item\n|clearpoke\n|poke|p1|Ting-Lu, L50|\n|poke|p1|Iron Bundle, L50|\n|poke|p1|Chi-Yu, L50|\n|poke|p1|Dragonite, L50, M|\n|poke|p1|Kingambit, L50, F|\n|poke|p1|Flutter Mane, L50|\n|poke|p2|Talonflame, L50, M|\n|poke|p2|Amoonguss, L50, F|\n|poke|p2|Flutter Mane, L50|\n|poke|p2|Chi-Yu, L50|\n|poke|p2|Iron Hands, L50|\n|poke|p2|Azumarill, L50, F|\n|teampreview|4\nstamoactivo has agreed to open team sheets.\n|inactive|Battle timer is ON: inactive players will automatically lose when time's up. (requested by stamoactivo)\n|\n|t:|1684164089\n|start\n|switch|p1a: Dragonite|Dragonite, L50, M|100\/100\n|switch|p1b: Flutter Mane|Flutter Mane, L50|100\/100\n|switch|p2a: Talonflame|Talonflame, L50, M|100\/100\n|switch|p2b: Flutter Mane|Flutter Mane, L50|100\/100\n|turn|1\n|inactive|stamoactivo has 30 seconds left.\n|inactive|littlemasteraik has 30 seconds left.\n|\n|t:|1684164123\n|-terastallize|p1b: Flutter Mane|Fairy\n|move|p2a: Talonflame|Tailwind|p2a: Talonflame\n|-sidestart|p2: littlemasteraik|move: Tailwind\n|move|p2b: Flutter Mane|Dazzling Gleam|p1a: Dragonite|[spread] p1a,p1b\n|-supereffective|p1a: Dragonite\n|-damage|p1a: Dragonite|51\/100\n|-damage|p1b: Flutter Mane|55\/100\n|move|p1b: Flutter Mane|Shadow Ball|p2a: Talonflame\n|-damage|p2a: Talonflame|24\/100\n|move|p1a: Dragonite|Ice Spinner|p2b: Flutter Mane\n|-damage|p2b: Flutter Mane|37\/100\n|\n|upkeep\n|turn|2\n|-message|stamoactivo forfeited.\n|\n|win|littlemasteraik\n|raw|stamoactivo's rating: 1395 → 1374<\/strong> (-21 for losing)\n|raw|littlemasteraik's rating: 1379 → 1400<\/strong> (+21 for winning)\n","uploadtime":1684164146,"views":5,"p1id":"stamoactivo","p2id":"littlemasteraik","formatid":"gen9vgc2023regulationc","rating":1374,"private":0,"password":""}