{"id":"gen9vgc2023regulationc-1857535266","p1":"mhigham11","p2":"leoroop","format":"[Gen 9] VGC 2023 Regulation C","log":"|j|\u2606mhigham11\n|j|\u2606leoroop\n|t:|1683205889\n|gametype|doubles\n|player|p1|mhigham11|101|1076\n|player|p2|leoroop|backpacker|1091\n|teamsize|p1|6\n|teamsize|p2|6\n|gen|9\n|tier|[Gen 9] VGC 2023 Regulation C\n|rated|\n|rule|Species Clause: Limit one of each Pok\u00e9mon\n|rule|Item Clause: Limit one of each item\n|clearpoke\n|poke|p1|Espathra, L50, M|\n|poke|p1|Sandy Shocks, L50|\n|poke|p1|Flutter Mane, L50|\n|poke|p1|Chi-Yu, L50|\n|poke|p1|Chien-Pao, L50|\n|poke|p1|Dragonite, L50, M|\n|poke|p2|Gyarados, L50, F|\n|poke|p2|Amoonguss, L50, M|\n|poke|p2|Kingambit, L50, F|\n|poke|p2|Flutter Mane, L50|\n|poke|p2|Chi-Yu, L50|\n|poke|p2|Baxcalibur, L50, F|\n|teampreview|4\n|\n|t:|1683205930\n|start\n|switch|p1a: Espathra|Espathra, L50, M|100\/100\n|switch|p1b: Sandy Shocks|Sandy Shocks, L50|100\/100\n|switch|p2a: Baxcalibur|Baxcalibur, L50, F|100\/100\n|switch|p2b: Amoonguss|Amoonguss, L50, M|100\/100\n|-enditem|p1b: Sandy Shocks|Booster Energy\n|-activate|p1b: Sandy Shocks|ability: Protosynthesis|[fromitem]\n|-start|p1b: Sandy Shocks|protosynthesisspa\n|turn|1\n|\n|t:|1683205950\n|move|p1a: Espathra|Protect|p1a: Espathra\n|-singleturn|p1a: Espathra|Protect\n|move|p2b: Amoonguss|Rage Powder|p2b: Amoonguss\n|-singleturn|p2b: Amoonguss|move: Rage Powder\n|move|p1b: Sandy Shocks|Gravity|p1b: Sandy Shocks\n|-fieldstart|move: Gravity\n|move|p2a: Baxcalibur|Icicle Crash|p1b: Sandy Shocks\n|-supereffective|p1b: Sandy Shocks\n|-damage|p1b: Sandy Shocks|0 fnt\n|faint|p1b: Sandy Shocks\n|-end|p1b: Sandy Shocks|Protosynthesis|[silent]\n|\n|-ability|p1a: Espathra|Speed Boost|boost\n|-boost|p1a: Espathra|spe|1\n|upkeep\n|\n|t:|1683205961\n|switch|p1b: Chi-Yu|Chi-Yu, L50|100\/100\n|-ability|p1b: Chi-Yu|Beads of Ruin\n|turn|2\n|\n|t:|1683205982\n|-terastallize|p2a: Baxcalibur|Water\n|move|p1a: Espathra|Hypnosis|p2b: Amoonguss\n|-status|p2b: Amoonguss|slp|[from] move: Hypnosis\n|move|p1b: Chi-Yu|Heat Wave|p2b: Amoonguss|[spread] p2a,p2b\n|-resisted|p2a: Baxcalibur\n|-supereffective|p2b: Amoonguss\n|-damage|p2a: Baxcalibur|71\/100\n|-damage|p2b: Amoonguss|0 fnt\n|-ability|p2a: Baxcalibur|Thermal Exchange|boost\n|-boost|p2a: Baxcalibur|atk|1\n|faint|p2b: Amoonguss\n|-damage|p1b: Chi-Yu|90\/100|[from] item: Life Orb\n|move|p2a: Baxcalibur|Icicle Crash|p1a: Espathra\n|-damage|p1a: Espathra|0 fnt\n|faint|p1a: Espathra\n|\n|upkeep\n|\n|t:|1683205997\n|switch|p1a: Flutter Mane|Flutter Mane, L50|100\/100\n|switch|p2b: Gyarados|Gyarados, L50, F|100\/100\n|-ability|p2b: Gyarados|Intimidate|boost\n|-unboost|p1a: Flutter Mane|atk|1\n|-unboost|p1b: Chi-Yu|atk|1\n|turn|3\n|\n|t:|1683206015\n|-terastallize|p1a: Flutter Mane|Fairy\n|move|p2a: Baxcalibur|Protect|p2a: Baxcalibur\n|-singleturn|p2a: Baxcalibur|Protect\n|move|p1a: Flutter Mane|Dazzling Gleam|p2b: Gyarados|[spread] p2b\n|-activate|p2a: Baxcalibur|move: Protect\n|-damage|p2b: Gyarados|33\/100\n|move|p1b: Chi-Yu|Dark Pulse|p2a: Baxcalibur\n|-activate|p2a: Baxcalibur|move: Protect\n|move|p2b: Gyarados|Waterfall|p1b: Chi-Yu\n|-supereffective|p1b: Chi-Yu\n|-damage|p1b: Chi-Yu|0 fnt\n|faint|p1b: Chi-Yu\n|\n|upkeep\n|turn|4\n|\n|t:|1683206039\n|move|p1a: Flutter Mane|Dazzling Gleam|p2b: Gyarados|[spread] p2a,p2b\n|-damage|p2a: Baxcalibur|13\/100\n|-damage|p2b: Gyarados|0 fnt\n|faint|p2b: Gyarados\n|move|p2a: Baxcalibur|Icicle Crash|p1a: Flutter Mane\n|-damage|p1a: Flutter Mane|0 fnt\n|faint|p1a: Flutter Mane\n|-end|p1a: Flutter Mane|Protosynthesis|[silent]\n|\n|win|leoroop\n|raw|mhigham11's rating: 1076 → 1056<\/strong> (-20 for losing)\n|raw|leoroop's rating: 1091 → 1116<\/strong> (+25 for winning)\n","uploadtime":1683206046,"views":25,"p1id":"mhigham11","p2id":"leoroop","formatid":"gen9vgc2023regulationc","rating":1056,"private":0,"password":""}