{"id":"gen9vgc2023regulationc-1848788475","p1":"olishejani","p2":"AlbertoSaiz","format":"[Gen 9] VGC 2023 Regulation C","log":"|j|\u2606olishejani\n|j|\u2606AlbertoSaiz\n|t:|1682110465\n|gametype|doubles\n|player|p1|olishejani|265|1070\n|player|p2|AlbertoSaiz|red|1000\n|teamsize|p1|6\n|teamsize|p2|6\n|gen|9\n|tier|[Gen 9] VGC 2023 Regulation C\n|rated|\n|rule|Species Clause: Limit one of each Pok\u00e9mon\n|rule|Item Clause: Limit one of each item\n|clearpoke\n|poke|p1|Glimmora, L50, F|\n|poke|p1|Wo-Chien, L50|\n|poke|p1|Dragonite, L50, M|\n|poke|p1|Arcanine, L50, M|\n|poke|p1|Palafin, L50, F|\n|poke|p1|Flutter Mane, L50|\n|poke|p2|Iron Bundle, L50|\n|poke|p2|Abomasnow, L50, F|\n|poke|p2|Pincurchin, L50, M|\n|poke|p2|Maushold-Four, L50|\n|poke|p2|Cetitan, L50, F|\n|poke|p2|Froslass, L50, F|\n|teampreview|4\n|inactive|Battle timer is ON: inactive players will automatically lose when time's up. (requested by AlbertoSaiz)\n|\n|t:|1682110479\n|start\n|switch|p1a: Arcanine|Arcanine, L50, M|100\/100\n|switch|p1b: Glimmora|Glimmora, L50, F|100\/100\n|switch|p2a: Iron Bundle|Iron Bundle, L50, shiny|100\/100\n|switch|p2b: Pincurchin|Pincurchin, L50, M|100\/100\n|-ability|p1a: Arcanine|Intimidate|boost\n|-unboost|p2a: Iron Bundle|atk|1\n|-unboost|p2b: Pincurchin|atk|1\n|-fieldstart|move: Electric Terrain|[from] ability: Electric Surge|[of] p2b: Pincurchin\n|-activate|p2a: Iron Bundle|ability: Quark Drive\n|-start|p2a: Iron Bundle|quarkdrivespa\n|turn|1\n|\n|t:|1682110501\n|move|p2a: Iron Bundle|Protect|p2a: Iron Bundle\n|-singleturn|p2a: Iron Bundle|Protect\n|move|p1a: Arcanine|Will-O-Wisp|p2a: Iron Bundle\n|-activate|p2a: Iron Bundle|move: Protect\n|move|p1b: Glimmora|Sludge Bomb|p2b: Pincurchin\n|-damage|p2b: Pincurchin|31\/100\n|move|p2b: Pincurchin|Acupressure|p2a: Iron Bundle\n|-boost|p2a: Iron Bundle|spd|2\n|\n|upkeep\n|turn|2\n|\n|t:|1682110523\n|switch|p2b: Abomasnow|Abomasnow, L50, F|100\/100\n|-weather|Snow|[from] ability: Snow Warning|[of] p2b: Abomasnow\n|-terastallize|p2a: Iron Bundle|Ice\n|move|p1a: Arcanine|Protect|p1a: Arcanine\n|-singleturn|p1a: Arcanine|Protect\n|move|p2a: Iron Bundle|Hydro Pump|p1b: Glimmora|[miss]\n|-miss|p2a: Iron Bundle|p1b: Glimmora\n|move|p1b: Glimmora|Energy Ball|p1a: Arcanine\n|-activate|p1a: Arcanine|move: Protect\n|\n|-weather|Snow|[upkeep]\n|upkeep\n|turn|3\n|inactive|olishejani has 30 seconds left.\n|\n|t:|1682110552\n|switch|p1a: Wo-Chien|Wo-Chien, L50|100\/100\n|-ability|p1a: Wo-Chien|Tablets of Ruin\n|move|p2b: Abomasnow|Helping Hand|p2a: Iron Bundle\n|-singleturn|p2a: Iron Bundle|Helping Hand|[of] p2b: Abomasnow\n|move|p2a: Iron Bundle|Blizzard|p1b: Glimmora|[spread] p1a,p1b\n|-supereffective|p1a: Wo-Chien\n|-damage|p1a: Wo-Chien|0 fnt\n|-damage|p1b: Glimmora|0 fnt\n|faint|p1a: Wo-Chien\n|faint|p1b: Glimmora\n|\n|-weather|Snow|[upkeep]\n|upkeep\n|-message|olishejani forfeited.\n|\n|win|AlbertoSaiz\n|raw|olishejani's rating: 1070 → 1045<\/strong> (-25 for losing)\n|raw|AlbertoSaiz's rating: 1000 → 1048<\/strong> (+48 for winning)\n|l|\u2606olishejani\n","uploadtime":1682110570,"views":6,"p1id":"olishejani","p2id":"albertosaiz","formatid":"gen9vgc2023regulationc","rating":1045,"private":0,"password":""}