{"id":"gen9vgc2023regulationc-1846992177","p1":"hisanory","p2":"Alaskan_fisher","format":"[Gen 9] VGC 2023 Regulation C","log":"|j|\u2606hisanory\n|j|\u2606Alaskan_fisher\n|t:|1681909697\n|gametype|doubles\n|player|p1|hisanory|2|1102\n|player|p2|Alaskan_fisher|fisherman-gen4|1201\n|teamsize|p1|6\n|teamsize|p2|6\n|gen|9\n|tier|[Gen 9] VGC 2023 Regulation C\n|rated|\n|rule|Species Clause: Limit one of each Pok\u00e9mon\n|rule|Item Clause: Limit one of each item\n|clearpoke\n|poke|p1|Flutter Mane, L50|\n|poke|p1|Arcanine, L50, F|\n|poke|p1|Ting-Lu, L50|\n|poke|p1|Iron Hands, L50|\n|poke|p1|Oranguru, L50, M|\n|poke|p1|Amoonguss, L50, F|\n|poke|p2|Maushold-Four, L50|\n|poke|p2|Iron Hands, L50|\n|poke|p2|Palafin, L50, F|\n|poke|p2|Ting-Lu, L50|\n|poke|p2|Flutter Mane, L50|\n|poke|p2|Arcanine, L50, M|\n|teampreview|4\nAlaskan_fisher has agreed to open team sheets.\n|inactive|Battle timer is ON: inactive players will automatically lose when time's up. (requested by hisanory)\n|inactive|Alaskan_fisher has 60 seconds left.\n|\n|t:|1681909744\n|start\n|switch|p1a: Iron Hands|Iron Hands, L50, shiny|100\/100\n|switch|p1b: Oranguru|Oranguru, L50, M, shiny|100\/100\n|switch|p2a: Maushold|Maushold-Four, L50|100\/100\n|switch|p2b: Palafin|Palafin, L50, F|100\/100\n|turn|1\n|inactive|hisanory has 30 seconds left.\n|\n|t:|1681909773\n|detailschange|p2b: Palafin|Palafin-Hero, L50, F\n|switch|p2b: Arcanine|Arcanine, L50, M|100\/100\n|-ability|p2b: Arcanine|Intimidate|boost\n|-unboost|p1a: Iron Hands|atk|1\n|-unboost|p1b: Oranguru|atk|1\n|move|p2a: Maushold|Protect|p2a: Maushold\n|-singleturn|p2a: Maushold|Protect\n|move|p1a: Iron Hands|Swords Dance|p1a: Iron Hands\n|-boost|p1a: Iron Hands|atk|2\n|move|p1b: Oranguru|Trick Room|p1b: Oranguru\n|-fieldstart|move: Trick Room|[of] p1b: Oranguru\n|\n|upkeep\n|turn|2\n|inactive|Alaskan_fisher has 30 seconds left.\n|\n|t:|1681909801\n|-terastallize|p2b: Arcanine|Normal\n|move|p2a: Maushold|Helping Hand|p2b: Arcanine\n|-singleturn|p2b: Arcanine|Helping Hand|[of] p2a: Maushold\n|move|p2b: Arcanine|Extreme Speed|p1a: Iron Hands\n|-damage|p1a: Iron Hands|33\/100\n|move|p1a: Iron Hands|Drain Punch|p2b: Arcanine\n|-supereffective|p2b: Arcanine\n|-damage|p2b: Arcanine|0 fnt\n|-heal|p1a: Iron Hands|76\/100|[from] drain|[of] p2b: Arcanine\n|faint|p2b: Arcanine\n|move|p1b: Oranguru|Instruct|p1a: Iron Hands\n|-singleturn|p1a: Iron Hands|move: Instruct|[of] p1b: Oranguru\n|move|p1a: Iron Hands|Drain Punch|p2a: Maushold\n|-supereffective|p2a: Maushold\n|-damage|p2a: Maushold|0 fnt\n|-heal|p1a: Iron Hands|100\/100|[from] drain|[of] p2a: Maushold\n|faint|p2a: Maushold\n|\n|upkeep\n|-message|Alaskan_fisher forfeited.\n|\n|win|hisanory\n|raw|hisanory's rating: 1102 → 1134<\/strong> (+32 for winning)\n|raw|Alaskan_fisher's rating: 1201 → 1169<\/strong> (-32 for losing)\n|l|\u2606Alaskan_fisher\n|l|\u2606hisanory\n|j|\u2606Alaskan_fisher\n|player|p2|Alaskan_fisher|fisherman-gen4\n","uploadtime":1681910272,"views":10,"p1id":"hisanory","p2id":"alaskanfisher","formatid":"gen9vgc2023regulationc","rating":1134,"private":0,"password":""}