{"id":"gen9vgc2023regulationc-1846914654","p1":"LameLiarLeo","p2":"Cellotest1","format":"[Gen 9] VGC 2023 Regulation C","log":"|j|\u2606LameLiarLeo\n|j|\u2606Cellotest1\n|t:|1681900257\n|gametype|doubles\n|player|p1|LameLiarLeo|101|1348\n|player|p2|Cellotest1|266|1385\n|teamsize|p1|6\n|teamsize|p2|6\n|gen|9\n|tier|[Gen 9] VGC 2023 Regulation C\n|rated|\n|rule|Species Clause: Limit one of each Pok\u00e9mon\n|rule|Item Clause: Limit one of each item\n|clearpoke\n|poke|p1|Kingambit, L50, F|\n|poke|p1|Iron Bundle, L50|\n|poke|p1|Dudunsparce-*, L50, M|\n|poke|p1|Arcanine, L50, M|\n|poke|p1|Great Tusk, L50|\n|poke|p1|Flutter Mane, L50|\n|poke|p2|Talonflame, L50, M|\n|poke|p2|Chien-Pao, L50|\n|poke|p2|Flutter Mane, L50|\n|poke|p2|Great Tusk, L50|\n|poke|p2|Kingambit, L50, M|\n|poke|p2|Gholdengo, L50|\n|teampreview|4\n|inactive|Battle timer is ON: inactive players will automatically lose when time's up. (requested by LameLiarLeo)\nLameLiarLeo rejected open team sheets.\n|j| Yuying0201\n|l| Yuying0201\n|inactive|Cellotest1 has 60 seconds left.\n|inactive|Cellotest1 has 30 seconds left.\n|\n|t:|1681900324\n|start\n|switch|p1a: Dudunsparce|Dudunsparce, L50, M|100\/100\n|switch|p1b: Iron Bundle|Iron Bundle, L50|100\/100\n|switch|p2a: Talonflame|Talonflame, L50, M|100\/100\n|switch|p2b: Great Tusk|Great Tusk, L50|100\/100\n|-enditem|p1b: Iron Bundle|Booster Energy\n|-activate|p1b: Iron Bundle|ability: Quark Drive|[fromitem]\n|-start|p1b: Iron Bundle|quarkdrivespe\n|turn|1\n|\n|t:|1681900341\n|move|p2a: Talonflame|Tailwind|p2a: Talonflame\n|-sidestart|p2: Cellotest1|move: Tailwind\n|move|p2b: Great Tusk|Close Combat|p1b: Iron Bundle\n|-supereffective|p1b: Iron Bundle\n|-damage|p1b: Iron Bundle|0 fnt\n|-unboost|p2b: Great Tusk|def|1\n|-unboost|p2b: Great Tusk|spd|1\n|faint|p1b: Iron Bundle\n|-end|p1b: Iron Bundle|Quark Drive|[silent]\n|move|p1a: Dudunsparce|Calm Mind|p1a: Dudunsparce\n|-boost|p1a: Dudunsparce|spa|1\n|-boost|p1a: Dudunsparce|spd|1\n|\n|upkeep\n|\n|t:|1681900352\n|switch|p1b: Great Tusk|Great Tusk, L50|100\/100\n|turn|2\n|\n|t:|1681900362\n|-terastallize|p2a: Talonflame|Flying\n|move|p2a: Talonflame|Brave Bird|p1b: Great Tusk\n|-supereffective|p1b: Great Tusk\n|-enditem|p1b: Great Tusk|Focus Sash\n|-damage|p1b: Great Tusk|1\/100\n|-damage|p2a: Talonflame|60\/100|[from] Recoil\n|-damage|p2a: Talonflame|50\/100|[from] item: Life Orb\n|move|p2b: Great Tusk|Close Combat|p1a: Dudunsparce\n|-supereffective|p1a: Dudunsparce\n|-damage|p1a: Dudunsparce|14\/100\n|-unboost|p2b: Great Tusk|def|1\n|-unboost|p2b: Great Tusk|spd|1\n|move|p1b: Great Tusk|Ice Spinner|p2b: Great Tusk\n|-supereffective|p2b: Great Tusk\n|-damage|p2b: Great Tusk|5\/100\n|move|p1a: Dudunsparce|Baton Pass|p1a: Dudunsparce\n|\n|t:|1681900377\n|switch|p1a: Flutter Mane|Flutter Mane, L50|100\/100|[from] Baton Pass\n|\n|upkeep\n|turn|3\n|\n|t:|1681900388\n|-end|p2b: Great Tusk|Protosynthesis|[silent]\n|switch|p2b: Cat|Chien-Pao, L50|100\/100\n|-ability|p2b: Cat|Sword of Ruin\n|move|p2a: Talonflame|Brave Bird|p1a: Flutter Mane\n|-damage|p1a: Flutter Mane|0 fnt\n|faint|p1a: Flutter Mane\n|-end|p1a: Flutter Mane|Protosynthesis|[silent]\n|-damage|p2a: Talonflame|19\/100|[from] Recoil\n|-damage|p2a: Talonflame|10\/100|[from] item: Life Orb\n|move|p1b: Great Tusk|Ice Spinner|p2a: Talonflame\n|-supereffective|p2a: Talonflame\n|-damage|p2a: Talonflame|0 fnt\n|faint|p2a: Talonflame\n|\n|upkeep\n|c|\u2606LameLiarLeo|holy\n|c|\u2606Cellotest1|talonflame is trong\n|\n|t:|1681900408\n|switch|p2a: Great Tusk|Great Tusk, L50|5\/100\n|switch|p1a: Dudunsparce|Dudunsparce, L50, M|14\/100\n|turn|4\n|c|\u2606LameLiarLeo|max attack?\n|c|\u2606Cellotest1|ya\n|c|\u2606Cellotest1|life orb tera flying :D\n|c|\u2606LameLiarLeo|No wonder\n|inactive|Cellotest1 has 30 seconds left.\n|\n|t:|1681900433\n|move|p2a: Great Tusk|Headlong Rush|p1b: Great Tusk\n|-damage|p1b: Great Tusk|0 fnt\n|-unboost|p2a: Great Tusk|def|1\n|-unboost|p2a: Great Tusk|spd|1\n|faint|p1b: Great Tusk\n|-end|p1b: Great Tusk|Protosynthesis|[silent]\n|move|p2b: Cat|Ice Spinner|p1a: Dudunsparce\n|-damage|p1a: Dudunsparce|0 fnt\n|faint|p1a: Dudunsparce\n|\n|win|Cellotest1\n|raw|LameLiarLeo's rating: 1348 → 1330<\/strong> (-18 for losing)\n|raw|Cellotest1's rating: 1385 → 1403<\/strong> (+18 for winning)\n|c|\u2606LameLiarLeo|gg\n|c|\u2606Cellotest1|gg!\n","uploadtime":1681900449,"views":18,"p1id":"lameliarleo","p2id":"cellotest1","formatid":"gen9vgc2023regulationc","rating":1330,"private":0,"password":""}