{"id":"gen9vgc2023regulationc-1864258187","p1":"VVhopper","p2":"anetherknight","format":"[Gen 9] VGC 2023 Regulation C","log":"|j|\u2606VVhopper\n|j|\u2606anetherknight\n|t:|1684145959\n|gametype|doubles\n|player|p1|VVhopper|rocketgruntf|1127\n|player|p2|anetherknight|1|1048\n|teamsize|p1|6\n|teamsize|p2|6\n|gen|9\n|tier|[Gen 9] VGC 2023 Regulation C\n|rated|\n|rule|Species Clause: Limit one of each Pok\u00e9mon\n|rule|Item Clause: Limit one of each item\n|clearpoke\n|poke|p1|Amoonguss, L50, M|\n|poke|p1|Lucario, L50, M|\n|poke|p1|Chien-Pao, L50|\n|poke|p1|Maushold-Four, L50|\n|poke|p1|Flutter Mane, L50|\n|poke|p1|Flamigo, L50, M|\n|poke|p2|Gholdengo, L50|\n|poke|p2|Annihilape, L50, M|\n|poke|p2|Amoonguss, L50, F|\n|poke|p2|Dragonite, L50, M|\n|poke|p2|Chien-Pao, L50|\n|poke|p2|Talonflame, L50, M|\n|teampreview|4\n|\n|t:|1684146007\n|start\n|switch|p1a: Lucario|Lucario, L50, M|100\/100\n|switch|p1b: Maushold|Maushold-Four, L50|100\/100\n|switch|p2a: Annihilape|Annihilape, L50, M|100\/100\n|switch|p2b: Talonflame|Talonflame, L50, M|100\/100\n|turn|1\n|\n|t:|1684146025\n|move|p1a: Lucario|Endure|p1a: Lucario\n|-singleturn|p1a: Lucario|move: Endure\n|move|p1b: Maushold|Beat Up|p1a: Lucario\n|-resisted|p1a: Lucario\n|-damage|p1a: Lucario|99\/100\n|-ability|p1a: Lucario|Justified|boost\n|-boost|p1a: Lucario|atk|1\n|-resisted|p1a: Lucario\n|-damage|p1a: Lucario|99\/100\n|-ability|p1a: Lucario|Justified|boost\n|-boost|p1a: Lucario|atk|1\n|-resisted|p1a: Lucario\n|-damage|p1a: Lucario|97\/100\n|-ability|p1a: Lucario|Justified|boost\n|-boost|p1a: Lucario|atk|1\n|-resisted|p1a: Lucario\n|-damage|p1a: Lucario|96\/100\n|-ability|p1a: Lucario|Justified|boost\n|-boost|p1a: Lucario|atk|1\n|-hitcount|p1a: Lucario|4\n|move|p2b: Talonflame|Flare Blitz|p1a: Lucario\n|-supereffective|p1a: Lucario\n|-activate|p1a: Lucario|move: Endure\n|-damage|p1a: Lucario|1\/100\n|-damage|p2b: Talonflame|69\/100|[from] Recoil\n|move|p2a: Annihilape|Bulk Up|p2a: Annihilape\n|-boost|p2a: Annihilape|atk|1\n|-boost|p2a: Annihilape|def|1\n|\n|upkeep\n|turn|2\n|\n|t:|1684146073\n|move|p1b: Maushold|Follow Me|p1b: Maushold\n|-singleturn|p1b: Maushold|move: Follow Me\n|move|p1a: Lucario|Extreme Speed|p2b: Talonflame\n|-damage|p2b: Talonflame|0 fnt\n|faint|p2b: Talonflame\n|move|p2a: Annihilape|Drain Punch|p1b: Maushold\n|-supereffective|p1b: Maushold\n|-damage|p1b: Maushold|0 fnt\n|faint|p1b: Maushold\n|\n|upkeep\n|\n|t:|1684146082\n|switch|p1b: Flamigo|Flamigo, L50, M|100\/100\n|switch|p2b: Dragonite|Dragonite, L50, M|100\/100\n|-copyboost|p1b: Flamigo|p1a: Lucario|[from] ability: Costar\n|turn|3\n|\n|t:|1684146101\n|-terastallize|p1a: Lucario|Normal\n|move|p1a: Lucario|Extreme Speed|p2b: Dragonite\n|-damage|p2b: Dragonite|0 fnt\n|faint|p2b: Dragonite\n|move|p1b: Flamigo|Brave Bird|p2a: Annihilape\n|-supereffective|p2a: Annihilape\n|-damage|p2a: Annihilape|0 fnt\n|faint|p2a: Annihilape\n|-damage|p1b: Flamigo|61\/100|[from] Recoil\n|\n|upkeep\n|\n|t:|1684146113\n|switch|p2a: Gholdengo|Gholdengo, L50|100\/100\n|turn|4\n|\n|t:|1684146127\n|move|p1a: Lucario|Bullet Punch|p2a: Gholdengo\n|-resisted|p2a: Gholdengo\n|-damage|p2a: Gholdengo|66\/100\n|move|p1b: Flamigo|Brave Bird|p2a: Gholdengo\n|-resisted|p2a: Gholdengo\n|-damage|p2a: Gholdengo|0 fnt\n|faint|p2a: Gholdengo\n|-damage|p1b: Flamigo|41\/100|[from] Recoil\n|\n|win|VVhopper\n|raw|VVhopper's rating: 1127 → 1146<\/strong> (+19 for winning)\n|raw|anetherknight's rating: 1048 → 1035<\/strong> (-13 for losing)\n|l|\u2606anetherknight\n","uploadtime":1684146143,"views":18,"p1id":"vvhopper","p2id":"anetherknight","formatid":"gen9vgc2023regulationc","rating":1035,"private":0,"password":""}