{"id":"gen9vgc2023regulationc-1847870413","p1":"fabio43","p2":"Joull","format":"[Gen 9] VGC 2023 Regulation C","log":"|j|\u2606fabio43\n|j|\u2606Joull\n|t:|1682008731\n|gametype|doubles\n|player|p1|fabio43|caitlin|1106\n|player|p2|Joull|lance-gen3|1059\n|teamsize|p1|6\n|teamsize|p2|6\n|gen|9\n|tier|[Gen 9] VGC 2023 Regulation C\n|rated|\n|rule|Species Clause: Limit one of each Pok\u00e9mon\n|rule|Item Clause: Limit one of each item\n|clearpoke\n|poke|p1|Tatsugiri, L50, M|\n|poke|p1|Dondozo, L50, M|\n|poke|p1|Grimmsnarl, L50, M|\n|poke|p1|Arcanine, L50, F|\n|poke|p1|Amoonguss, L50, M|\n|poke|p1|Chien-Pao, L50|\n|poke|p2|Arcanine, L50, M|\n|poke|p2|Lucario, L50, M|\n|poke|p2|Palafin, L50, F|\n|poke|p2|Flutter Mane, L50|\n|poke|p2|Chien-Pao, L50|\n|poke|p2|Amoonguss, L50, M|\n|teampreview|4\n|\n|t:|1682008779\n|start\n|switch|p1a: Dondozo|Dondozo, L50, M, shiny|100\/100\n|switch|p1b: Grimmsnarl|Grimmsnarl, L50, M|100\/100\n|switch|p2a: Flipper|Palafin, L50, F|100\/100\n|switch|p2b: Trix|Flutter Mane, L50|100\/100\n|-enditem|p2b: Trix|Booster Energy\n|-activate|p2b: Trix|ability: Protosynthesis|[fromitem]\n|-start|p2b: Trix|protosynthesisspa\n|turn|1\n|\n|t:|1682008798\n|detailschange|p2a: Flipper|Palafin-Hero, L50, F\n|switch|p2a: Vox|Lucario, L50, M|100\/100\n|switch|p1b: Tatsugiri|Tatsugiri, L50, M|100\/100\n|-activate|p1b: Tatsugiri|ability: Commander|[of] p1a: Dondozo\n|-boost|p1a: Dondozo|atk|2\n|-boost|p1a: Dondozo|spa|2\n|-boost|p1a: Dondozo|spe|2\n|-boost|p1a: Dondozo|def|2\n|-boost|p1a: Dondozo|spd|2\n|-terastallize|p1a: Dondozo|Steel\n|move|p2b: Trix|Moonblast|p1b: Tatsugiri|[miss]\n|-miss|p2b: Trix|p1b: Tatsugiri\n|move|p1a: Dondozo|Tera Blast|p2b: Trix\n|-supereffective|p2b: Trix\n|-crit|p2b: Trix\n|-damage|p2b: Trix|0 fnt\n|faint|p2b: Trix\n|-end|p2b: Trix|Protosynthesis|[silent]\n|\n|upkeep\n|\n|t:|1682008814\n|switch|p2b: Flipper|Palafin-Hero, L50, F|100\/100\n|-activate|p2b: Flipper|ability: Zero to Hero\n|turn|2\n|\n|t:|1682008840\n|-terastallize|p2a: Vox|Water\n|move|p2b: Flipper|Haze|p2b: Flipper\n|-clearallboost\n|move|p2a: Vox|Aura Sphere|p1a: Dondozo\n|-supereffective|p1a: Dondozo\n|-damage|p1a: Dondozo|1\/100\n|-damage|p2a: Vox|91\/100|[from] item: Life Orb\n|move|p1a: Dondozo|Earthquake|p2b: Flipper|[spread] p2a,p2b\n|-miss|p1a: Dondozo|p1b: Tatsugiri\n|-damage|p2a: Vox|46\/100\n|-damage|p2b: Flipper|76\/100\n|\n|upkeep\n|turn|3\n|\n|t:|1682008859\n|move|p2a: Vox|Vacuum Wave|p1a: Dondozo\n|-supereffective|p1a: Dondozo\n|-damage|p1a: Dondozo|0 fnt\n|faint|p1a: Dondozo\n|-damage|p2a: Vox|36\/100|[from] item: Life Orb\n|move|p2b: Flipper|Wave Crash|p1b: Tatsugiri\n|-resisted|p1b: Tatsugiri\n|-damage|p1b: Tatsugiri|61\/100\n|-damage|p2b: Flipper|66\/100|[from] Recoil\n|\n|upkeep\n|\n|t:|1682008869\n|switch|p1a: Grimmsnarl|Grimmsnarl, L50, M|100\/100\n|turn|4\n|\n|t:|1682008888\n|move|p2b: Flipper|Jet Punch|p1a: Grimmsnarl\n|-damage|p1a: Grimmsnarl|51\/100\n|move|p2a: Vox|Bullet Punch|p1a: Grimmsnarl\n|-supereffective|p1a: Grimmsnarl\n|-crit|p1a: Grimmsnarl\n|-damage|p1a: Grimmsnarl|0 fnt\n|faint|p1a: Grimmsnarl\n|-damage|p2a: Vox|27\/100|[from] item: Life Orb\n|move|p1b: Tatsugiri|Icy Wind|p2b: Flipper|[spread] p2a,p2b\n|-resisted|p2a: Vox\n|-resisted|p2b: Flipper\n|-damage|p2a: Vox|10\/100\n|-damage|p2b: Flipper|55\/100\n|-unboost|p2a: Vox|spe|1\n|-unboost|p2b: Flipper|spe|1\n|\n|upkeep\n|-message|fabio43 forfeited.\n|\n|win|Joull\n|raw|fabio43's rating: 1106 → 1078<\/strong> (-28 for losing)\n|raw|Joull's rating: 1059 → 1094<\/strong> (+35 for winning)\n|l|\u2606fabio43\n","uploadtime":1682009113,"views":7,"p1id":"fabio43","p2id":"joull","formatid":"gen9vgc2023regulationc","rating":1078,"private":0,"password":""}