{"id":"gen9vgc2023regulationc-1845985608","p1":"Vulnerarily","p2":"Duhstin","format":"[Gen 9] VGC 2023 Regulation C","log":"|j|\u2606Vulnerarily\n|j|\u2606Duhstin\n|t:|1681787450\n|gametype|doubles\n|player|p1|Vulnerarily|2|1278\n|player|p2|Duhstin|wallace|1299\n|teamsize|p1|6\n|teamsize|p2|6\n|gen|9\n|tier|[Gen 9] VGC 2023 Regulation C\n|rated|\n|rule|Species Clause: Limit one of each Pok\u00e9mon\n|rule|Item Clause: Limit one of each item\n|clearpoke\n|poke|p1|Lilligant, L50, F|\n|poke|p1|Torkoal, L50, F|\n|poke|p1|Flutter Mane, L50|\n|poke|p1|Great Tusk, L50|\n|poke|p1|Chien-Pao, L50|\n|poke|p1|Dragonite, L50, F|\n|poke|p2|Corviknight, L50, M|\n|poke|p2|Iron Bundle, L50|\n|poke|p2|Dragonite, L50, F|\n|poke|p2|Amoonguss, L50, M|\n|poke|p2|Chien-Pao, L50|\n|poke|p2|Chi-Yu, L50|\n|teampreview|4\nVulnerarily has agreed to open team sheets.\nDuhstin has agreed to open team sheets.\n|inactive|Battle timer is ON: inactive players will automatically lose when time's up. (requested by Vulnerarily)\n|c|\u2606Vulnerarily|Is this Sableyes time?\n|c|\u2606Vulnerarily|team*\n|inactive|Duhstin has 60 seconds left.\n|\n|t:|1681787508\n|start\n|switch|p1a: Torkoal|Torkoal, L50, F|100\/100\n|switch|p1b: Flutter Mane|Flutter Mane, L50|100\/100\n|switch|p2a: Chi-Yu|Chi-Yu, L50|100\/100\n|switch|p2b: Amoonguss|Amoonguss, L50, M|100\/100\n|-ability|p2a: Chi-Yu|Beads of Ruin\n|-weather|SunnyDay|[from] ability: Drought|[of] p1a: Torkoal\n|-activate|p1b: Flutter Mane|ability: Protosynthesis\n|-start|p1b: Flutter Mane|protosynthesisspa\n|turn|1\n|c|\u2606Duhstin|It might be, had a friend build it and send it over\n|inactive|Duhstin has 30 seconds left.\n|c|\u2606Vulnerarily|Love Dragon Corv\n|\n|t:|1681787540\n|-terastallize|p1a: Torkoal|Fire\n|move|p2b: Amoonguss|Protect|p2b: Amoonguss\n|-singleturn|p2b: Amoonguss|Protect\n|move|p1b: Flutter Mane|Dazzling Gleam|p2a: Chi-Yu|[spread] p2a\n|-activate|p2b: Amoonguss|move: Protect\n|-damage|p2a: Chi-Yu|33\/100\n|move|p2a: Chi-Yu|Snarl|p1a: Torkoal|[spread] p1a\n|-miss|p2a: Chi-Yu|p1b: Flutter Mane\n|-damage|p1a: Torkoal|38\/100\n|-unboost|p1a: Torkoal|spa|1\n|move|p1a: Torkoal|Eruption|p2b: Amoonguss|[spread] p2a\n|-activate|p2b: Amoonguss|move: Protect\n|-resisted|p2a: Chi-Yu\n|-damage|p2a: Chi-Yu|17\/100\n|\n|-weather|SunnyDay|[upkeep]\n|upkeep\n|turn|2\n|inactive|Duhstin has 30 seconds left.\n|\n|t:|1681787573\n|-terastallize|p2b: Amoonguss|Water\n|move|p1b: Flutter Mane|Dazzling Gleam|p2b: Amoonguss|[spread] p2a,p2b\n|-crit|p2b: Amoonguss\n|-damage|p2a: Chi-Yu|0 fnt\n|-damage|p2b: Amoonguss|10\/100\n|-enditem|p2b: Amoonguss|Sitrus Berry|[eat]\n|-heal|p2b: Amoonguss|35\/100|[from] item: Sitrus Berry\n|faint|p2a: Chi-Yu\n|move|p1a: Torkoal|Overheat|p2b: Amoonguss\n|-resisted|p2b: Amoonguss\n|-damage|p2b: Amoonguss|0 fnt\n|-unboost|p1a: Torkoal|spa|2\n|faint|p2b: Amoonguss\n|\n|-weather|SunnyDay|[upkeep]\n|upkeep\n|\n|t:|1681787588\n|switch|p2a: Iron Bundle|Iron Bundle, L50|100\/100\n|switch|p2b: Corviknight|Corviknight, L50, M|100\/100\n|-enditem|p2a: Iron Bundle|Booster Energy\n|-activate|p2a: Iron Bundle|ability: Quark Drive|[fromitem]\n|-start|p2a: Iron Bundle|quarkdrivespe\n|turn|3\n|inactive|Vulnerarily has 30 seconds left.\n|inactive|Duhstin has 30 seconds left.\n|\n|t:|1681787616\n|switch|p1a: Dragonite|Dragonite, L50, F|100\/100\n|move|p2a: Iron Bundle|Icy Wind|p1b: Flutter Mane|[spread] p1b\n|-miss|p2a: Iron Bundle|p1a: Dragonite\n|-damage|p1b: Flutter Mane|80\/100\n|-unboost|p1b: Flutter Mane|spe|1\n|move|p1b: Flutter Mane|Dazzling Gleam|p2a: Iron Bundle|[spread] p2a,p2b\n|-resisted|p2b: Corviknight\n|-crit|p2b: Corviknight\n|-damage|p2a: Iron Bundle|0 fnt\n|-damage|p2b: Corviknight|64\/100\n|faint|p2a: Iron Bundle\n|-end|p2a: Iron Bundle|Quark Drive|[silent]\n|move|p2b: Corviknight|Brave Bird|p1a: Dragonite\n|-damage|p1a: Dragonite|83\/100\n|-damage|p2b: Corviknight|58\/100|[from] Recoil\n|\n|-weather|SunnyDay|[upkeep]\n|-heal|p2b: Corviknight|64\/100|[from] item: Leftovers\n|upkeep\n|turn|4\n|-message|Duhstin forfeited.\n|\n|win|Vulnerarily\n|raw|Vulnerarily's rating: 1278 → 1305<\/strong> (+27 for winning)\n|raw|Duhstin's rating: 1299 → 1272<\/strong> (-27 for losing)\n|l|\u2606Duhstin\n|c|\u2606Vulnerarily|ggs\n","uploadtime":1681787626,"views":4,"p1id":"vulnerarily","p2id":"duhstin","formatid":"gen9vgc2023regulationc","rating":1272,"private":0,"password":""}