{"id":"gen9vgc2023regulationc-1854515333","p1":"david the goose","p2":"SimpYamcha","format":"[Gen 9] VGC 2023 Regulation C","log":"|j|\u203ddavid the goose\n|j|\u2606SimpYamcha\n|t:|1682820927\n|gametype|doubles\n|player|p1|david the goose|fisherman-gen4|1000\n|player|p2|SimpYamcha|drayden|1103\n|teamsize|p1|6\n|teamsize|p2|6\n|gen|9\n|tier|[Gen 9] VGC 2023 Regulation C\n|rated|\n|rule|Species Clause: Limit one of each Pok\u00e9mon\n|rule|Item Clause: Limit one of each item\n|clearpoke\n|poke|p1|Dondozo, L50, M|\n|poke|p1|Tatsugiri-Droopy, L50, F|\n|poke|p1|Flamigo, L50, F|\n|poke|p1|Annihilape, L50, M|\n|poke|p1|Cetitan, L50, M|\n|poke|p1|Maushold-Four, L50|\n|poke|p2|Talonflame, L50, F|\n|poke|p2|Garchomp, L50, F|\n|poke|p2|Flutter Mane, L50|\n|poke|p2|Amoonguss, L50, M|\n|poke|p2|Kingambit, L50, F|\n|poke|p2|Iron Bundle, L50|\n|teampreview|4\n|\n|t:|1682820948\n|start\n|switch|p1a: Tatsugiri|Tatsugiri-Droopy, L50, F|100\/100\n|switch|p1b: Annihilape|Annihilape, L50, M|100\/100\n|switch|p2a: Mang|Flutter Mane, L50, shiny|100\/100\n|switch|p2b: I am Penguin|Iron Bundle, L50|100\/100\n|-enditem|p2b: I am Penguin|Booster Energy\n|-activate|p2b: I am Penguin|ability: Quark Drive|[fromitem]\n|-start|p2b: I am Penguin|quarkdrivespe\n|turn|1\n|\n|t:|1682820970\n|move|p1a: Tatsugiri|Endure|p1a: Tatsugiri\n|-singleturn|p1a: Tatsugiri|move: Endure\n|move|p2b: I am Penguin|Icy Wind|p1a: Tatsugiri|[spread] p1a,p1b\n|-damage|p1a: Tatsugiri|73\/100\n|-damage|p1b: Annihilape|83\/100\n|-unboost|p1a: Tatsugiri|spe|1\n|-unboost|p1b: Annihilape|spe|1\n|-ability|p1b: Annihilape|Defiant|boost\n|-boost|p1b: Annihilape|atk|2\n|move|p2a: Mang|Dazzling Gleam|p1b: Annihilape|[spread] p1a,p1b\n|-supereffective|p1a: Tatsugiri\n|-supereffective|p1b: Annihilape\n|-activate|p1a: Tatsugiri|move: Endure\n|-damage|p1a: Tatsugiri|1\/100\n|-damage|p1b: Annihilape|0 fnt\n|faint|p1b: Annihilape\n|\n|-status|p1a: Tatsugiri|tox|[from] item: Toxic Orb\n|upkeep\n|\n|t:|1682820986\n|switch|p1b: Dondozo|Dondozo, L50, M|100\/100\n|-activate|p1a: Tatsugiri|ability: Commander|[of] p1b: Dondozo\n|-boost|p1b: Dondozo|atk|2\n|-boost|p1b: Dondozo|spa|2\n|-boost|p1b: Dondozo|spe|2\n|-boost|p1b: Dondozo|def|2\n|-boost|p1b: Dondozo|spd|2\n|turn|2\n|\n|t:|1682821002\n|move|p2b: I am Penguin|Freeze-Dry|p1b: Dondozo\n|-supereffective|p1b: Dondozo\n|-damage|p1b: Dondozo|70\/100\n|move|p2a: Mang|Dazzling Gleam|p1b: Dondozo|[spread] p1b\n|-miss|p2a: Mang|p1a: Tatsugiri\n|-damage|p1b: Dondozo|47\/100\n|move|p1b: Dondozo|Liquidation|p2b: I am Penguin\n|-resisted|p2b: I am Penguin\n|-damage|p2b: I am Penguin|64\/100\n|\n|-heal|p1b: Dondozo|53\/100|[from] item: Leftovers\n|-damage|p1a: Tatsugiri|0 fnt|[from] psn\n|faint|p1a: Tatsugiri\n|upkeep\n|\n|t:|1682821015\n|switch|p1a: Flamigo|Flamigo, L50, F|100\/100\n|-copyboost|p1a: Flamigo|p1b: Dondozo|[from] ability: Costar\n|turn|3\n|\n|t:|1682821045\n|-end|p2a: Mang|Protosynthesis|[silent]\n|switch|p2a: AngryAgain|Amoonguss, L50, M, shiny|100\/100\n|move|p1a: Flamigo|Brave Bird|p2a: AngryAgain\n|-supereffective|p2a: AngryAgain\n|-damage|p2a: AngryAgain|0 fnt\n|faint|p2a: AngryAgain\n|-damage|p1a: Flamigo|55\/100|[from] Recoil\n|move|p2b: I am Penguin|Freeze-Dry|p1a: Flamigo\n|-supereffective|p1a: Flamigo\n|-damage|p1a: Flamigo|0 fnt\n|faint|p1a: Flamigo\n|move|p1b: Dondozo|Body Press|p2b: I am Penguin\n|-supereffective|p2b: I am Penguin\n|-damage|p2b: I am Penguin|0 fnt\n|faint|p2b: I am Penguin\n|-end|p2b: I am Penguin|Quark Drive|[silent]\n|\n|-heal|p1b: Dondozo|59\/100|[from] item: Leftovers\n|upkeep\n|\n|t:|1682821051\n|switch|p2b: Chompy|Garchomp, L50, F, shiny|100\/100\n|switch|p2a: Mang|Flutter Mane, L50, shiny|100\/100\n|turn|4\n|\n|t:|1682821075\n|-terastallize|p2a: Mang|Fairy\n|move|p2a: Mang|Moonblast|p1b: Dondozo\n|-damage|p1b: Dondozo|13\/100\n|move|p2b: Chompy|Rock Slide|p1b: Dondozo\n|-crit|p1b: Dondozo\n|-damage|p1b: Dondozo|0 fnt\n|faint|p1b: Dondozo\n|-damage|p2b: Chompy|91\/100|[from] item: Life Orb\n|\n|win|SimpYamcha\n|raw|david the goose's rating: 1000 → 1000<\/strong> (+0 for losing)\n|raw|SimpYamcha's rating: 1103 → 1121<\/strong> (+18 for winning)\n","uploadtime":1682821084,"views":14,"p1id":"davidthegoose","p2id":"simpyamcha","formatid":"gen9vgc2023regulationc","rating":1000,"private":0,"password":""}