{"id":"gen9vgc2023regulationc-1847597909","p1":"Mitsunaga","p2":"paokami","format":"[Gen 9] VGC 2023 Regulation C","log":"|j|\u2606Mitsunaga\n|j|\u2606paokami\n|t:|1681979659\n|gametype|doubles\n|player|p1|Mitsunaga|lady-gen4|1276\n|player|p2|paokami|red|1246\n|teamsize|p1|6\n|teamsize|p2|6\n|gen|9\n|tier|[Gen 9] VGC 2023 Regulation C\n|rated|\n|rule|Species Clause: Limit one of each Pok\u00e9mon\n|rule|Item Clause: Limit one of each item\n|clearpoke\n|poke|p1|Annihilape, L50, F|\n|poke|p1|Sandy Shocks, L50|\n|poke|p1|Flutter Mane, L50|\n|poke|p1|Armarouge, L50, M|\n|poke|p1|Indeedee-F, L50, F|\n|poke|p1|Talonflame, L50, M|\n|poke|p2|Flutter Mane, L50|\n|poke|p2|Dragonite, L50, F|\n|poke|p2|Amoonguss, L50, F|\n|poke|p2|Ting-Lu, L50|\n|poke|p2|Annihilape, L50, F|\n|poke|p2|Chien-Pao, L50|\n|teampreview|4\n|\n|t:|1681979712\n|start\n|switch|p1a: Annihilape|Annihilape, L50, F|100\/100\n|switch|p1b: Armarouge|Armarouge, L50, M|100\/100\n|switch|p2a: Dragonite|Dragonite, L50, F|100\/100\n|switch|p2b: Ting-Lu|Ting-Lu, L50|100\/100\n|-ability|p2b: Ting-Lu|Vessel of Ruin\n|turn|1\n|\n|t:|1681979741\n|switch|p2a: Amoonguss|Amoonguss, L50, F|100\/100\n|move|p1a: Annihilape|Final Gambit|p2b: Ting-Lu\n|-damage|p2b: Ting-Lu|16\/100\n|faint|p1a: Annihilape\n|move|p1b: Armarouge|Heat Wave|p2a: Amoonguss|[spread] p2a,p2b\n|-supereffective|p2a: Amoonguss\n|-damage|p2a: Amoonguss|48\/100\n|-damage|p2b: Ting-Lu|0 fnt\n|-enditem|p2a: Amoonguss|Sitrus Berry|[eat]\n|-heal|p2a: Amoonguss|72\/100|[from] item: Sitrus Berry\n|faint|p2b: Ting-Lu\n|\n|upkeep\n|\n|t:|1681979755\n|switch|p1a: Sandy Shocks|Sandy Shocks, L50|100\/100\n|switch|p2b: Dragonite|Dragonite, L50, F|100\/100\n|-enditem|p1a: Sandy Shocks|Booster Energy\n|-activate|p1a: Sandy Shocks|ability: Protosynthesis|[fromitem]\n|-start|p1a: Sandy Shocks|protosynthesisspe\n|turn|2\n|\n|t:|1681979780\n|-terastallize|p2a: Amoonguss|Water\n|move|p1a: Sandy Shocks|Thunderbolt|p2a: Amoonguss\n|-supereffective|p2a: Amoonguss\n|-damage|p2a: Amoonguss|0 fnt\n|faint|p2a: Amoonguss\n|move|p1b: Armarouge|Heat Wave|p2b: Dragonite\n|-resisted|p2b: Dragonite\n|-damage|p2b: Dragonite|90\/100\n|move|p2b: Dragonite|Dragon Claw|p1a: Sandy Shocks\n|-damage|p1a: Sandy Shocks|45\/100\n|\n|upkeep\n|\n|t:|1681979792\n|switch|p2a: Chien-Pao|Chien-Pao, L50|100\/100\n|-ability|p2a: Chien-Pao|Sword of Ruin\n|turn|3\n|\n|t:|1681979821\n|move|p1a: Sandy Shocks|Earthquake|p2a: Chien-Pao|[spread] p1b,p2a\n|-immune|p2b: Dragonite\n|-supereffective|p1b: Armarouge\n|-damage|p1b: Armarouge|49\/100\n|-damage|p2a: Chien-Pao|71\/100\n|-ability|p1b: Armarouge|Weak Armor|boost\n|-unboost|p1b: Armarouge|def|1\n|-boost|p1b: Armarouge|spe|2\n|-enditem|p1b: Armarouge|Weakness Policy\n|-boost|p1b: Armarouge|atk|2|[from] item: Weakness Policy\n|-boost|p1b: Armarouge|spa|2|[from] item: Weakness Policy\n|move|p1b: Armarouge|Heat Wave|p2a: Chien-Pao|[spread] p2a,p2b\n|-supereffective|p2a: Chien-Pao\n|-resisted|p2b: Dragonite\n|-damage|p2a: Chien-Pao|0 fnt\n|-damage|p2b: Dragonite|56\/100\n|faint|p2a: Chien-Pao\n|move|p2b: Dragonite|Dragon Claw|p1b: Armarouge\n|-damage|p1b: Armarouge|0 fnt\n|faint|p1b: Armarouge\n|\n|upkeep\n|\n|t:|1681979825\n|switch|p1b: Indeedee|Indeedee-F, L50, F|100\/100\n|-fieldstart|move: Psychic Terrain|[from] ability: Psychic Surge|[of] p1b: Indeedee\n|-enditem|p1b: Indeedee|Psychic Seed\n|-boost|p1b: Indeedee|spd|1|[from] item: Psychic Seed\n|turn|4\n|-message|paokami forfeited.\n|\n|win|Mitsunaga\n|raw|Mitsunaga's rating: 1276 → 1299<\/strong> (+23 for winning)\n|raw|paokami's rating: 1246 → 1223<\/strong> (-23 for losing)\n|l|\u2606paokami\n","uploadtime":1681979850,"views":6,"p1id":"mitsunaga","p2id":"paokami","formatid":"gen9vgc2023regulationc","rating":1223,"private":0,"password":""}