{"id":"gen9vgc2023regulationc-1857323188","p1":"WBG Angel","p2":"HayPrime","format":"[Gen 9] VGC 2023 Regulation C","log":"|j|\u2606WBG Angel\n|j|\u2606HayPrime\n|t:|1683173269\n|gametype|doubles\n|player|p1|WBG Angel|dahlia|\n|player|p2|HayPrime|265|\n|teamsize|p1|6\n|teamsize|p2|6\n|gen|9\n|tier|[Gen 9] VGC 2023 Regulation C\n|rule|Species Clause: Limit one of each Pok\u00e9mon\n|rule|Item Clause: Limit one of each item\n|clearpoke\n|poke|p1|Flutter Mane, L50|\n|poke|p1|Talonflame, L50, F|\n|poke|p1|Baxcalibur, L50, F|\n|poke|p1|Krookodile, L50, M|\n|poke|p1|Rotom-Wash, L50|\n|poke|p1|Breloom, L50, F|\n|poke|p2|Brute Bonnet, L50|\n|poke|p2|Tinkaton, L50, F|\n|poke|p2|Volcarona, L50, F|\n|poke|p2|Drednaw, L50, M|\n|poke|p2|Gallade, L50, M|\n|poke|p2|Haxorus, L50, F|\n|teampreview|4\nWBG Angel rejected open team sheets.\n|c|\u2606WBG Angel|G1 gl hf\n|c|\u2606WBG Angel|Would it be ok if u did the live links\n|c|\u2606HayPrime|ye\n|c|\u2606HayPrime|accept the other challenge\n|c|\u2606WBG Angel|Ty ty\n|c|\u2606HayPrime|it not working\n|c|\u2606HayPrime|porygon is dead\n|c|\u2606HayPrime|pog\n|c|\u2606WBG Angel|Oop\n|\n|t:|1683173423\n|start\n|switch|p1a: Talonflame|Talonflame, L50, F|100\/100\n|switch|p1b: Krookodile|Krookodile, L50, M|100\/100\n|switch|p2a: Boy T|Tinkaton, L50, F|100\/100\n|switch|p2b: Worse Baxcalibur|Haxorus, L50, F, shiny|100\/100\n|-ability|p2b: Worse Baxcalibur|Unnerve\n|-ability|p1b: Krookodile|Intimidate|boost\n|-fail|p2a: Boy T|unboost|Attack|[from] ability: Own Tempo|[of] p2a: Boy T\n|-unboost|p2b: Worse Baxcalibur|atk|1\n|turn|1\n|\n|t:|1683173497\n|-terastallize|p1a: Talonflame|Ghost\n|move|p1b: Krookodile|Protect|p1b: Krookodile\n|-singleturn|p1b: Krookodile|Protect\n|move|p2a: Boy T|Fake Out|p1b: Krookodile\n|-activate|p1b: Krookodile|move: Protect\n|move|p1a: Talonflame|Tailwind|p1a: Talonflame\n|-sidestart|p1: WBG Angel|move: Tailwind\n|move|p2b: Worse Baxcalibur|Dragon Dance|p2b: Worse Baxcalibur\n|-boost|p2b: Worse Baxcalibur|atk|1\n|-boost|p2b: Worse Baxcalibur|spe|1\n|\n|upkeep\n|turn|2\n|\n|t:|1683173558\n|move|p1a: Talonflame|Brave Bird|p2b: Worse Baxcalibur\n|-damage|p2b: Worse Baxcalibur|35\/100\n|-damage|p1a: Talonflame|80\/100|[from] Recoil\n|move|p1b: Krookodile|Earthquake|p2a: Boy T|[spread] p1a,p2a,p2b\n|-supereffective|p2a: Boy T\n|-damage|p1a: Talonflame|14\/100\n|-damage|p2a: Boy T|3\/100\n|-damage|p2b: Worse Baxcalibur|0 fnt\n|faint|p2b: Worse Baxcalibur\n|-damage|p1b: Krookodile|91\/100|[from] item: Life Orb\n|move|p2a: Boy T|Gigaton Hammer|p1b: Krookodile\n|-damage|p1b: Krookodile|14\/100\n|\n|upkeep\n|c|\u2606WBG Angel|I forgot thats how tera works\n|c|\u2606WBG Angel|LOL\n|\n|t:|1683173602\n|switch|p2b: Me Myself and I|Brute Bonnet, L50|100\/100\n|turn|3\n|\n|t:|1683173639\n|move|p2b: Me Myself and I|Sucker Punch||[still]\n|-fail|p2b: Me Myself and I\n|move|p1a: Talonflame|Will-O-Wisp|p2b: Me Myself and I\n|-status|p2b: Me Myself and I|brn\n|move|p1b: Krookodile|Close Combat|p2b: Me Myself and I\n|-supereffective|p2b: Me Myself and I\n|-damage|p2b: Me Myself and I|22\/100 brn\n|-unboost|p1b: Krookodile|def|1\n|-unboost|p1b: Krookodile|spd|1\n|-damage|p1b: Krookodile|4\/100|[from] item: Life Orb\n|move|p2a: Boy T|Knock Off|p1a: Talonflame\n|-supereffective|p1a: Talonflame\n|-damage|p1a: Talonflame|0 fnt\n|-enditem|p1a: Talonflame|Safety Goggles|[from] move: Knock Off|[of] p2a: Boy T\n|faint|p1a: Talonflame\n|\n|-damage|p2b: Me Myself and I|15\/100 brn|[from] brn\n|upkeep\n|\n|t:|1683173666\n|switch|p1a: Flutter Mane|Flutter Mane, L50|100\/100\n|turn|4\n|c|\u2606HayPrime|how much\n|c|\u2606HayPrime|do you care about stats\n|\n|t:|1683173743\n|move|p1b: Krookodile|Protect|p1b: Krookodile\n|-singleturn|p1b: Krookodile|Protect\n|move|p2b: Me Myself and I|Sucker Punch||[still]\n|-fail|p2b: Me Myself and I\n|move|p1a: Flutter Mane|Dazzling Gleam|p2b: Me Myself and I|[spread] p2a,p2b\n|-resisted|p2a: Boy T\n|-supereffective|p2b: Me Myself and I\n|-damage|p2a: Boy T|0 fnt\n|-damage|p2b: Me Myself and I|0 fnt\n|faint|p2a: Boy T\n|faint|p2b: Me Myself and I\n|-end|p2b: Me Myself and I|Protosynthesis|[silent]\n|\n|-sideend|p1: WBG Angel|move: Tailwind\n|upkeep\n|c|\u2606WBG Angel|Uhhh\n|c|\u2606WBG Angel|Deoends on the last mon\n|c|\u2606HayPrime|exactly\n|-message|HayPrime forfeited.\n|\n|win|WBG Angel\n|c|\u2606WBG Angel|Oop\n|l|\u2606HayPrime\n|l|\u2606WBG Angel\n|j|\u2606WBG Angel\n|player|p1|WBG Angel|dahlia\n|l|\u2606WBG Angel\n|player|p1|\n|j|\u2606HayPrime\n|player|p2|HayPrime|265\n","uploadtime":1683174233,"views":19,"p1id":"wbgangel","p2id":"hayprime","formatid":"gen9vgc2023regulationc","rating":0,"private":0,"password":""}