{"id":"gen9vgc2023regulationc-1857965005","p1":"McDubbieEnthusiast","p2":"grasswalllll","format":"[Gen 9] VGC 2023 Regulation C","log":"|j|\u2606McDubbieEnthusiast\n|j|\u2606grasswalllll\n|t:|1683253241\n|gametype|doubles\n|player|p1|McDubbieEnthusiast|waiter-gen4|1417\n|player|p2|grasswalllll|102|1372\n|teamsize|p1|6\n|teamsize|p2|6\n|gen|9\n|tier|[Gen 9] VGC 2023 Regulation C\n|rated|\n|rule|Species Clause: Limit one of each Pok\u00e9mon\n|rule|Item Clause: Limit one of each item\n|clearpoke\n|poke|p1|Tyranitar, L50, F|\n|poke|p1|Garchomp, L50, M|\n|poke|p1|Scream Tail, L50|\n|poke|p1|Corviknight, L50, F|\n|poke|p1|Gholdengo, L50|\n|poke|p1|Dragonite, L50, F|\n|poke|p2|Dragonite, L50, F|\n|poke|p2|Chi-Yu, L50|\n|poke|p2|Flutter Mane, L50|\n|poke|p2|Iron Bundle, L50|\n|poke|p2|Dondozo, L50, F|\n|poke|p2|Tatsugiri-Droopy, L50, M|\n|teampreview|4\n|inactive|Battle timer is ON: inactive players will automatically lose when time's up. (requested by grasswalllll)\n|inactive|McDubbieEnthusiast has 60 seconds left.\n|inactive|grasswalllll has 60 seconds left.\n|\n|t:|1683253301\n|start\n|switch|p1a: Beholder|Scream Tail, L50, shiny|100\/100\n|switch|p1b: Tarrasque|Tyranitar, L50, F, shiny|100\/100\n|switch|p2a: Dondozo|Dondozo, L50, F|100\/100\n|switch|p2b: Flutter Mane|Flutter Mane, L50|100\/100\n|-weather|Sandstorm|[from] ability: Sand Stream|[of] p1b: Tarrasque\n|-enditem|p1a: Beholder|Booster Energy\n|-activate|p1a: Beholder|ability: Protosynthesis|[fromitem]\n|-start|p1a: Beholder|protosynthesisspe\n|turn|1\n|\n|t:|1683253325\n|-terastallize|p1a: Beholder|Grass\n|move|p1a: Beholder|Thunder Wave|p2b: Flutter Mane\n|-status|p2b: Flutter Mane|par\n|move|p1b: Tarrasque|Rock Slide|p2a: Dondozo|[spread] p2a,p2b\n|-damage|p2a: Dondozo|79\/100\n|-damage|p2b: Flutter Mane|46\/100 par\n|move|p2b: Flutter Mane|Moonblast|p1b: Tarrasque\n|-supereffective|p1b: Tarrasque\n|-damage|p1b: Tarrasque|17\/100\n|-enditem|p1b: Tarrasque|Weakness Policy\n|-boost|p1b: Tarrasque|atk|2|[from] item: Weakness Policy\n|-boost|p1b: Tarrasque|spa|2|[from] item: Weakness Policy\n|move|p2a: Dondozo|Substitute|p2a: Dondozo\n|-start|p2a: Dondozo|Substitute\n|-damage|p2a: Dondozo|54\/100\n|\n|-weather|Sandstorm|[upkeep]\n|-damage|p1a: Beholder|95\/100|[from] Sandstorm\n|-damage|p2b: Flutter Mane|40\/100 par|[from] Sandstorm\n|-damage|p2a: Dondozo|48\/100|[from] Sandstorm\n|-heal|p2a: Dondozo|54\/100|[from] item: Leftovers\n|upkeep\n|turn|2\n|inactive|grasswalllll has 30 seconds left.\n|inactive|grasswalllll has 20 seconds left.\n|inactive|grasswalllll has 15 seconds left.\n|\n|t:|1683253369\n|-end|p2b: Flutter Mane|Protosynthesis|[silent]\n|switch|p2b: Tatsugiri|Tatsugiri-Droopy, L50, M|100\/100\n|-activate|p2b: Tatsugiri|ability: Commander|[of] p2a: Dondozo\n|-boost|p2a: Dondozo|atk|2\n|-boost|p2a: Dondozo|spa|2\n|-boost|p2a: Dondozo|spe|2\n|-boost|p2a: Dondozo|def|2\n|-boost|p2a: Dondozo|spd|2\n|move|p1a: Beholder|Encore|p2a: Dondozo\n|-start|p2a: Dondozo|Encore\n|move|p2a: Dondozo|Substitute|p2a: Dondozo\n|-fail|p2a: Dondozo|move: Substitute\n|move|p1b: Tarrasque|Rock Slide|p2b: Tatsugiri|[spread] p2a\n|-miss|p1b: Tarrasque|p2b: Tatsugiri\n|-activate|p2a: Dondozo|move: Substitute|[damage]\n|\n|-weather|Sandstorm|[upkeep]\n|-damage|p1a: Beholder|89\/100|[from] Sandstorm\n|-damage|p2b: Tatsugiri|94\/100|[from] Sandstorm\n|-damage|p2a: Dondozo|48\/100|[from] Sandstorm\n|-heal|p2a: Dondozo|54\/100|[from] item: Leftovers\n|upkeep\n|turn|3\n|-message|grasswalllll forfeited.\n|\n|win|McDubbieEnthusiast\n|raw|McDubbieEnthusiast's rating: 1417 → 1434<\/strong> (+17 for winning)\n|raw|grasswalllll's rating: 1372 → 1355<\/strong> (-17 for losing)\n|l|\u2606grasswalllll\n","uploadtime":1683253386,"views":15,"p1id":"mcdubbieenthusiast","p2id":"grasswalllll","formatid":"gen9vgc2023regulationc","rating":1355,"private":0,"password":""}