{"id":"gen9vgc2023regulationc-1862670912","p1":"risenoni","p2":"leaveher","format":"[Gen 9] VGC 2023 Regulation C","log":"|j|\u2606risenoni\n|j|\u2606leaveher\n|t:|1683910755\n|gametype|doubles\n|player|p1|risenoni|lucas|1091\n|player|p2|leaveher|101|1144\n|teamsize|p1|6\n|teamsize|p2|6\n|gen|9\n|tier|[Gen 9] VGC 2023 Regulation C\n|rated|\n|rule|Species Clause: Limit one of each Pok\u00e9mon\n|rule|Item Clause: Limit one of each item\n|clearpoke\n|poke|p1|Tyranitar, L50, M|\n|poke|p1|Garchomp, L50, F|\n|poke|p1|Lycanroc, L50, M|\n|poke|p1|Gastrodon-East, L50, F|\n|poke|p1|Corviknight, L50, M|\n|poke|p1|Arcanine, L50, M|\n|poke|p2|Indeedee-F, L50, F|\n|poke|p2|Armarouge, L50, M|\n|poke|p2|Azumarill, L50, M|\n|poke|p2|Torkoal, L50, M|\n|poke|p2|Hatterene, L50, F|\n|poke|p2|Sylveon, L50, M|\n|teampreview|4\n|inactive|Battle timer is ON: inactive players will automatically lose when time's up. (requested by leaveher)\nrisenoni has agreed to open team sheets.\n|inactive|risenoni has 60 seconds left.\n|inactive|leaveher has 60 seconds left.\n|inactive|risenoni has 30 seconds left.\n|\n|t:|1683910830\n|start\n|switch|p1a: Tyranitar|Tyranitar, L50, M|100\/100\n|switch|p1b: Garchomp|Garchomp, L50, F|100\/100\n|switch|p2a: Armarouge|Armarouge, L50, M|100\/100\n|switch|p2b: Azumarill|Azumarill, L50, M|100\/100\n|-weather|Sandstorm|[from] ability: Sand Stream|[of] p1a: Tyranitar\n|turn|1\n|inactive|risenoni has 30 seconds left.\n|inactive|leaveher has 30 seconds left.\n|inactive|risenoni has 20 seconds left.\n|\n|t:|1683910866\n|move|p2a: Armarouge|Wide Guard|p2a: Armarouge\n|-singleturn|p2a: Armarouge|Wide Guard\n|move|p1b: Garchomp|Earthquake|p2b: Azumarill|[spread] p1a\n|-activate|p2a: Armarouge|move: Wide Guard\n|-activate|p2b: Azumarill|move: Wide Guard\n|-supereffective|p1a: Tyranitar\n|-damage|p1a: Tyranitar|40\/100\n|move|p1a: Tyranitar|Rock Slide|p2b: Azumarill|[spread] \n|-activate|p2a: Armarouge|move: Wide Guard\n|-activate|p2b: Azumarill|move: Wide Guard\n|move|p2b: Azumarill|Brick Break|p1a: Tyranitar\n|-supereffective|p1a: Tyranitar\n|-damage|p1a: Tyranitar|0 fnt\n|faint|p1a: Tyranitar\n|\n|-weather|Sandstorm|[upkeep]\n|-damage|p2a: Armarouge|94\/100|[from] Sandstorm\n|-damage|p2b: Azumarill|95\/100|[from] Sandstorm\n|upkeep\n|\n|t:|1683910884\n|switch|p1a: Lycanroc|Lycanroc, L50, M|100\/100\n|turn|2\n|inactive|leaveher has 30 seconds left.\n|\n|t:|1683910909\n|-terastallize|p1a: Lycanroc|Rock\n|move|p1a: Lycanroc|Rock Slide|p2a: Armarouge|[spread] \n|-miss|p1a: Lycanroc|p2a: Armarouge\n|-miss|p1a: Lycanroc|p2b: Azumarill\n|move|p1b: Garchomp|Earthquake|p2a: Armarouge|[spread] p1a,p2a,p2b\n|-supereffective|p1a: Lycanroc\n|-supereffective|p2a: Armarouge\n|-enditem|p1a: Lycanroc|Focus Sash\n|-damage|p1a: Lycanroc|1\/100\n|-damage|p2a: Armarouge|18\/100\n|-damage|p2b: Azumarill|58\/100\n|move|p2b: Azumarill|Liquidation|p1a: Lycanroc\n|-supereffective|p1a: Lycanroc\n|-damage|p1a: Lycanroc|0 fnt\n|faint|p1a: Lycanroc\n|move|p2a: Armarouge|Trick Room|p2a: Armarouge\n|-fieldstart|move: Trick Room|[of] p2a: Armarouge\n|\n|-weather|Sandstorm|[upkeep]\n|-damage|p2b: Azumarill|52\/100|[from] Sandstorm\n|-damage|p2a: Armarouge|12\/100|[from] Sandstorm\n|upkeep\n|-message|risenoni forfeited.\n|\n|win|leaveher\n|raw|risenoni's rating: 1091 → 1071<\/strong> (-20 for losing)\n|raw|leaveher's rating: 1144 → 1165<\/strong> (+21 for winning)\n|l|\u2606risenoni\n","uploadtime":1683910932,"views":10,"p1id":"risenoni","p2id":"leaveher","formatid":"gen9vgc2023regulationc","rating":1071,"private":0,"password":""}