{"id":"gen9vgc2023regulationc-1853276302","p1":"zeropiccolo","p2":"SkULL465","format":"[Gen 9] VGC 2023 Regulation C","log":"|j|\u2606zeropiccolo\n|j|\u2606SkULL465\n|t:|1682659346\n|gametype|doubles\n|player|p1|zeropiccolo|266|1083\n|player|p2|SkULL465|pokemaniac|1000\n|teamsize|p1|6\n|teamsize|p2|6\n|gen|9\n|tier|[Gen 9] VGC 2023 Regulation C\n|rated|\n|rule|Species Clause: Limit one of each Pok\u00e9mon\n|rule|Item Clause: Limit one of each item\n|clearpoke\n|poke|p1|Flutter Mane, L50|\n|poke|p1|Kingambit, L50, F|\n|poke|p1|Corviknight, L50, M|\n|poke|p1|Great Tusk, L50|\n|poke|p1|Chi-Yu, L50|\n|poke|p1|Arcanine, L50, M|\n|poke|p2|Ting-Lu, L50|\n|poke|p2|Palafin, L50, F|\n|poke|p2|Arcanine, L50, M|\n|poke|p2|Amoonguss, L50, F|\n|poke|p2|Flutter Mane, L50|\n|poke|p2|Chi-Yu, L50|\n|teampreview|4\n|\n|t:|1682659399\n|start\n|switch|p1a: Great Tusk|Great Tusk, L50|100\/100\n|switch|p1b: Corviknight|Corviknight, L50, M|100\/100\n|switch|p2a: Chi-Yu|Chi-Yu, L50|100\/100\n|switch|p2b: Palafin|Palafin, L50, F|100\/100\n|-ability|p2a: Chi-Yu|Beads of Ruin\n|turn|1\n|c|\u2606SkULL465|glhf\n|\n|t:|1682659442\n|-terastallize|p1b: Corviknight|Dragon\n|move|p2b: Palafin|Jet Punch|p1a: Great Tusk\n|-supereffective|p1a: Great Tusk\n|-damage|p1a: Great Tusk|57\/100\n|move|p2a: Chi-Yu|Heat Wave|p1b: Corviknight|[spread] p1a,p1b\n|-resisted|p1b: Corviknight\n|-damage|p1a: Great Tusk|0 fnt\n|-damage|p1b: Corviknight|81\/100\n|faint|p1a: Great Tusk\n|-end|p1a: Great Tusk|Protosynthesis|[silent]\n|move|p1b: Corviknight|Roost|p1b: Corviknight\n|-heal|p1b: Corviknight|100\/100\n|\n|upkeep\n|-message|zeropiccolo forfeited.\n|\n|win|SkULL465\n|raw|zeropiccolo's rating: 1083 → 1055<\/strong> (-28 for losing)\n|raw|SkULL465's rating: 1000 → 1049<\/strong> (+49 for winning)\n|l|\u2606zeropiccolo\n","uploadtime":1682659471,"views":12,"p1id":"zeropiccolo","p2id":"skull465","formatid":"gen9vgc2023regulationc","rating":1049,"private":0,"password":""}