{"id":"gen9vgc2023regulationc-1864406054","p1":"NeuroticTC","p2":"CoachChris","format":"[Gen 9] VGC 2023 Regulation C","log":"|j|\u2606NeuroticTC\n|j|\u2606CoachChris\n|t:|1684163805\n|gametype|doubles\n|player|p1|NeuroticTC|boarder|\n|player|p2|CoachChris|crasherwake|\n|teamsize|p1|6\n|teamsize|p2|6\n|gen|9\n|tier|[Gen 9] VGC 2023 Regulation C\n|rated|Tournament battle\n|rule|Species Clause: Limit one of each Pok\u00e9mon\n|rule|Item Clause: Limit one of each item\n|clearpoke\n|poke|p1|Brute Bonnet, L50|\n|poke|p1|Murkrow, L50, M|\n|poke|p1|Farigiraf, L50, F|\n|poke|p1|Chi-Yu, L50|\n|poke|p1|Flutter Mane, L50|\n|poke|p1|Great Tusk, L50|\n|poke|p2|Great Tusk, L50|\n|poke|p2|Murkrow, L50, F|\n|poke|p2|Flutter Mane, L50|\n|poke|p2|Torkoal, L50, M|\n|poke|p2|Kingambit, L50, M|\n|poke|p2|Gyarados, L50, M|\n|teampreview|4\n|raw| Open Team Sheet for NeuroticTC<\/summary>Brute Bonnet @ Loaded Dice Ability: Protosynthesis Level: 50 Tera Type: Dark - Spore - Rage Powder - Bullet Seed - Sucker Punch Murkrow (M) @ Eject Button Ability: Prankster Level: 50 Shiny: Yes Tera Type: Flying - Brave Bird - Tailwind - Haze - Sunny Day Farigiraf (F) @ Focus Sash Ability: Armor Tail Level: 50 Tera Type: Fairy - Dazzling Gleam - Psychic - Trick Room - Imprison Chi-Yu @ Life Orb Ability: Beads of Ruin Level: 50 Tera Type: Grass - Heat Wave - Protect - Tera Blast - Dark Pulse Flutter Mane @ Booster Energy Ability: Protosynthesis Level: 50 Tera Type: Fairy - Power Gem - Shadow Ball - Moonblast - Protect Great Tusk @ Choice Scarf Ability: Protosynthesis Level: 50 Tera Type: Steel - Close Combat - Headlong Rush - Rock Slide - Earthquake <\/details><\/div> Open Team Sheet for CoachChris<\/summary>Great Tusk @ Choice Scarf Ability: Protosynthesis Level: 50 Hidden Power: Fighting Tera Type: Steel - Earthquake - Headlong Rush - Close Combat - Rock Slide Murkrow @ Eviolite Ability: Prankster Level: 50 Tera Type: Ghost - Foul Play - Sunny Day - Haze - Tailwind Flutter Mane @ Choice Specs Ability: Protosynthesis Level: 50 Tera Type: Water - Moonblast - Shadow Ball - Dazzling Gleam - Thunderbolt Torkoal @ Eject Pack Ability: Drought Level: 50 Tera Type: Grass - Overheat - Yawn - Helping Hand - Protect Kingambit @ Assault Vest Ability: Defiant Level: 50 Tera Type: Flying - Kowtow Cleave - Sucker Punch - Iron Head - Brick Break Gyarados @ Sitrus Berry Ability: Intimidate Level: 50 Tera Type: Flying - Tera Blast - Waterfall - Taunt - Thunder Wave <\/details><\/div>\n|j| Bakonlikescufant\n|inactive|Battle timer is ON: inactive players will automatically lose when time's up. (requested by NeuroticTC)\n|c| Bakonlikescufant|sun Vs sun\n|\n|t:|1684163855\n|start\n|switch|p1a: Murkrow|Murkrow, L50, M, shiny|100\/100\n|switch|p1b: Flutter Mane|Flutter Mane, L50|100\/100\n|switch|p2a: Murkrow|Murkrow, L50, F|100\/100\n|switch|p2b: Flutter Mane|Flutter Mane, L50|100\/100\n|-enditem|p1b: Flutter Mane|Booster Energy\n|-activate|p1b: Flutter Mane|ability: Protosynthesis|[fromitem]\n|-start|p1b: Flutter Mane|protosynthesisspe\n|turn|1\n|c| Bakonlikescufant|Murk mane\n|inactive|CoachChris has 30 seconds left.\n|inactive|CoachChris has 20 seconds left.\n|inactive|CoachChris has 15 seconds left.\n|inactive|CoachChris has 10 seconds left.\n|\n|t:|1684163903\n|-terastallize|p2b: Flutter Mane|Water\n|move|p1b: Flutter Mane|Protect|p1b: Flutter Mane\n|-singleturn|p1b: Flutter Mane|Protect\n|move|p1a: Murkrow|Tailwind|p1a: Murkrow\n|-sidestart|p1: NeuroticTC|move: Tailwind\n|move|p2a: Murkrow|Tailwind|p2a: Murkrow\n|-sidestart|p2: CoachChris|move: Tailwind\n|move|p2b: Flutter Mane|Dazzling Gleam|p1b: Flutter Mane|[spread] p1a\n|-activate|p1b: Flutter Mane|move: Protect\n|-supereffective|p1a: Murkrow\n|-damage|p1a: Murkrow|0 fnt\n|faint|p1a: Murkrow\n|\n|upkeep\n|l| Bakonlikescufant\n|\n|t:|1684163928\n|switch|p1a: Great Tusk|Great Tusk, L50|100\/100\n|turn|2\n|inactive|CoachChris has 30 seconds left.\n|\n|t:|1684163953\n|-end|p2b: Flutter Mane|Protosynthesis|[silent]\n|switch|p2b: Gyarados|Gyarados, L50, M|100\/100\n|-ability|p2b: Gyarados|Intimidate|boost\n|-unboost|p1a: Great Tusk|atk|1\n|-unboost|p1b: Flutter Mane|atk|1\n|move|p1b: Flutter Mane|Moonblast|p2a: Murkrow\n|-supereffective|p2a: Murkrow\n|-damage|p2a: Murkrow|0 fnt\n|faint|p2a: Murkrow\n|move|p1a: Great Tusk|Headlong Rush|p2b: Gyarados\n|-immune|p2b: Gyarados\n|\n|upkeep\n|j| Bakonlikescufant\n|\n|t:|1684163971\n|switch|p2a: Flutter Mane|Flutter Mane, L50, tera:Water|100\/100\n|turn|3\n|\n|t:|1684163989\n|-terastallize|p1a: Great Tusk|Steel\n|move|p1b: Flutter Mane|Moonblast|p2a: Flutter Mane\n|-damage|p2a: Flutter Mane|50\/100\n|-unboost|p2a: Flutter Mane|spa|1\n|move|p1a: Great Tusk|Headlong Rush|p2a: Flutter Mane\n|-damage|p2a: Flutter Mane|0 fnt\n|-unboost|p1a: Great Tusk|def|1\n|-unboost|p1a: Great Tusk|spd|1\n|faint|p2a: Flutter Mane\n|-end|p2a: Flutter Mane|Protosynthesis|[silent]\n|move|p2b: Gyarados|Waterfall|p1a: Great Tusk\n|-crit|p1a: Great Tusk\n|-damage|p1a: Great Tusk|26\/100\n|\n|upkeep\n|\n|t:|1684164002\n|switch|p2a: Torkoal|Torkoal, L50, M|100\/100\n|-weather|SunnyDay|[from] ability: Drought|[of] p2a: Torkoal\n|-activate|p1a: Great Tusk|ability: Protosynthesis\n|-start|p1a: Great Tusk|protosynthesisspe\n|turn|4\n|\n|t:|1684164015\n|-end|p1a: Great Tusk|Protosynthesis|[silent]\n|switch|p1a: Chi-Yu|Chi-Yu, L50|100\/100\n|-ability|p1a: Chi-Yu|Beads of Ruin\n|move|p2a: Torkoal|Protect|p2a: Torkoal\n|-singleturn|p2a: Torkoal|Protect\n|move|p1b: Flutter Mane|Power Gem|p2b: Gyarados\n|-supereffective|p2b: Gyarados\n|-damage|p2b: Gyarados|15\/100\n|-enditem|p2b: Gyarados|Sitrus Berry|[eat]\n|-heal|p2b: Gyarados|40\/100|[from] item: Sitrus Berry\n|move|p2b: Gyarados|Waterfall|p1a: Chi-Yu\n|-supereffective|p1a: Chi-Yu\n|-damage|p1a: Chi-Yu|31\/100\n|\n|-weather|SunnyDay|[upkeep]\n|-sideend|p1: NeuroticTC|move: Tailwind\n|-sideend|p2: CoachChris|move: Tailwind\n|upkeep\n|turn|5\n|c|\u2606CoachChris|wp\n|inactive|CoachChris has 30 seconds left.\n|-message|CoachChris forfeited.\n|\n|win|NeuroticTC\n|n|\u2606NeuroticTC|neurotictc\n|n|\u2606CoachChris|coachchris\n|n| Bakonlikescufant|bakonlikescufant\n|c|\u2606NeuroticTC|gg\n|l| Bakonlikescufant\n","uploadtime":1684164062,"views":4,"p1id":"neurotictc","p2id":"coachchris","formatid":"gen9vgc2023regulationc","rating":0,"private":0,"password":""}