{"id":"gen9vgc2023regulationc-1860150402","p1":"Isnotry","p2":"valhala alfa","format":"[Gen 9] VGC 2023 Regulation C","log":"|j|\u2606Isnotry\n|j|\u2606valhala alfa\n|t:|1683601429\n|gametype|doubles\n|player|p1|Isnotry|265|1277\n|player|p2|valhala alfa|266|1319\n|teamsize|p1|6\n|teamsize|p2|6\n|gen|9\n|tier|[Gen 9] VGC 2023 Regulation C\n|rated|\n|rule|Species Clause: Limit one of each Pok\u00e9mon\n|rule|Item Clause: Limit one of each item\n|clearpoke\n|poke|p1|Dragonite, L50, M|\n|poke|p1|Orthworm, L50, F|\n|poke|p1|Gyarados, L50, M|\n|poke|p1|Flutter Mane, L50|\n|poke|p1|Ting-Lu, L50|\n|poke|p1|Volcarona, L50, M|\n|poke|p2|Gholdengo, L50|\n|poke|p2|Murkrow, L50, F|\n|poke|p2|Orthworm, L50, M|\n|poke|p2|Ting-Lu, L50|\n|poke|p2|Flutter Mane, L50|\n|poke|p2|Braviary, L50, M|\n|teampreview|4\n|inactive|Battle timer is ON: inactive players will automatically lose when time's up. (requested by valhala alfa)\nvalhala alfa rejected open team sheets.\n|inactive|Isnotry has 60 seconds left.\n|inactive|valhala alfa has 60 seconds left.\n|inactive|valhala alfa has 30 seconds left.\n|inactive|valhala alfa has 20 seconds left.\n|inactive|valhala alfa has 15 seconds left.\n|inactive|valhala alfa has 10 seconds left.\n|inactive|valhala alfa has 5 seconds left.\n|\n|t:|1683601532\n|start\n|switch|p1a: Orthworm|Orthworm, L50, F|100\/100\n|switch|p1b: Flutter Mane|Flutter Mane, L50|100\/100\n|switch|p2a: Murkrow|Murkrow, L50, F|100\/100\n|switch|p2b: Braviary|Braviary, L50, M|100\/100\n|turn|1\n|inactive|Isnotry has 30 seconds left.\n|\n|t:|1683601562\n|move|p2a: Murkrow|Taunt|p1a: Orthworm\n|-start|p1a: Orthworm|move: Taunt\n|move|p2b: Braviary|Brave Bird|p1b: Flutter Mane\n|-damage|p1b: Flutter Mane|0 fnt\n|faint|p1b: Flutter Mane\n|-end|p1b: Flutter Mane|Protosynthesis|[silent]\n|-damage|p2b: Braviary|77\/100|[from] Recoil\n|cant|p1a: Orthworm|move: Taunt|Iron Defense\n|\n|upkeep\n|\n|t:|1683601572\n|switch|p1b: Volcarona|Volcarona, L50, M|100\/100\n|turn|2\n|\n|t:|1683601586\n|switch|p1b: Ting-Lu|Ting-Lu, L50|100\/100\n|-ability|p1b: Ting-Lu|Vessel of Ruin\n|move|p2a: Murkrow|Tailwind|p2a: Murkrow\n|-sidestart|p2: valhala alfa|move: Tailwind\n|move|p2b: Braviary|Brave Bird|p1b: Ting-Lu\n|-damage|p1b: Ting-Lu|65\/100\n|-damage|p2b: Braviary|62\/100|[from] Recoil\n|move|p1a: Orthworm|Body Press|p2a: Murkrow\n|-damage|p2a: Murkrow|68\/100\n|\n|upkeep\n|turn|3\n|inactive|valhala alfa has 30 seconds left.\n|\n|t:|1683601612\n|move|p2b: Braviary|Brave Bird|p1b: Ting-Lu\n|-damage|p1b: Ting-Lu|25\/100\n|-damage|p2b: Braviary|45\/100|[from] Recoil\n|move|p2a: Murkrow|Brave Bird|p1b: Ting-Lu\n|-damage|p1b: Ting-Lu|0 fnt\n|faint|p1b: Ting-Lu\n|-damage|p2a: Murkrow|56\/100|[from] Recoil\n|move|p1a: Orthworm|Body Press|p2a: Murkrow\n|-damage|p2a: Murkrow|23\/100\n|\n|-end|p1a: Orthworm|move: Taunt\n|upkeep\n|\n|t:|1683601624\n|switch|p1b: Volcarona|Volcarona, L50, M|100\/100\n|turn|4\n|\n|t:|1683601639\n|switch|p2a: Gholdengo|Gholdengo, L50|100\/100\n|move|p2b: Braviary|Brave Bird|p1b: Volcarona\n|-supereffective|p1b: Volcarona\n|-damage|p1b: Volcarona|0 fnt\n|faint|p1b: Volcarona\n|-damage|p2b: Braviary|10\/100|[from] Recoil\n|move|p1a: Orthworm|Body Press|p2a: Gholdengo\n|-immune|p2a: Gholdengo\n|\n|upkeep\n|turn|5\n|-message|Isnotry forfeited.\n|\n|win|valhala alfa\n|raw|Isnotry's rating: 1277 → 1255<\/strong> (-22 for losing)\n|raw|valhala alfa's rating: 1319 → 1337<\/strong> (+18 for winning)\n|l|\u2606Isnotry\n","uploadtime":1683601656,"views":16,"p1id":"isnotry","p2id":"valhalaalfa","formatid":"gen9vgc2023regulationc","rating":1255,"private":0,"password":""}