{"id":"gen9vgc2023regulationc-1858725109","p1":"diblibos","p2":"hysaaron","format":"[Gen 9] VGC 2023 Regulation C","log":"|j|\u2606diblibos\n|j|\u2606hysaaron\n|t:|1683348778\n|gametype|doubles\n|player|p1|diblibos|266|1156\n|player|p2|hysaaron|2|1081\n|teamsize|p1|6\n|teamsize|p2|6\n|gen|9\n|tier|[Gen 9] VGC 2023 Regulation C\n|rated|\n|rule|Species Clause: Limit one of each Pok\u00e9mon\n|rule|Item Clause: Limit one of each item\n|clearpoke\n|poke|p1|Jolteon, L50, F|\n|poke|p1|Dudunsparce-*, L50, M|\n|poke|p1|Murkrow, L50, M|\n|poke|p1|Annihilape, L50, M|\n|poke|p1|Stantler, L50, F|\n|poke|p1|Gothitelle, L50, M|\n|poke|p2|Chi-Yu, L50|\n|poke|p2|Flutter Mane, L50|\n|poke|p2|Palafin, L50, M|\n|poke|p2|Pelipper, L50, F|\n|poke|p2|Arcanine, L50, F|\n|poke|p2|Amoonguss, L50, F|\n|teampreview|4\n|inactive|Battle timer is ON: inactive players will automatically lose when time's up. (requested by hysaaron)\n|inactive|hysaaron has 60 seconds left.\n|\n|t:|1683348821\n|start\n|switch|p1a: poc rabuda|Stantler, L50, F|100\/100\n|switch|p1b: poc toxica|Gothitelle, L50, M|100\/100\n|switch|p2a: Flutter Mane|Flutter Mane, L50|100\/100\n|switch|p2b: Amoonguss|Amoonguss, L50, F, shiny|100\/100\n|-ability|p1a: poc rabuda|Intimidate|boost\n|-unboost|p2a: Flutter Mane|atk|1\n|-unboost|p2b: Amoonguss|atk|1\n|turn|1\n|inactive|hysaaron has 30 seconds left.\n|inactive|hysaaron has 20 seconds left.\n|inactive|hysaaron has 15 seconds left.\n|inactive|hysaaron has 10 seconds left.\n|\n|t:|1683348868\n|switch|p2b: Arcanine|Arcanine, L50, F, shiny|100\/100\n|-ability|p2b: Arcanine|Intimidate|boost\n|-unboost|p1a: poc rabuda|atk|1\n|-unboost|p1b: poc toxica|atk|1\n|-ability|p1b: poc toxica|Competitive|boost\n|-boost|p1b: poc toxica|spa|2\n|move|p2a: Flutter Mane|Shadow Ball|p1b: poc toxica\n|-supereffective|p1b: poc toxica\n|-damage|p1b: poc toxica|0 fnt\n|faint|p1b: poc toxica\n|move|p1a: poc rabuda|Skill Swap|p2b: Arcanine\n|-activate|p1a: poc rabuda|move: Skill Swap|Intimidate|Intimidate|[of] p2b: Arcanine\n|-ability|p1a: poc rabuda|Intimidate|boost\n|-unboost|p2a: Flutter Mane|atk|1\n|-unboost|p2b: Arcanine|atk|1\n|-ability|p2b: Arcanine|Intimidate|boost\n|-unboost|p1a: poc rabuda|atk|1\n|\n|upkeep\n|\n|t:|1683348882\n|switch|p1b: poc estressada|Annihilape, L50, M|100\/100\n|turn|2\n|inactive|hysaaron has 30 seconds left.\n|inactive|hysaaron has 20 seconds left.\n|inactive|hysaaron has 15 seconds left.\n|inactive|hysaaron has 10 seconds left.\n|\n|t:|1683348928\n|move|p2a: Flutter Mane|Shadow Ball|p1b: poc estressada\n|-supereffective|p1b: poc estressada\n|-damage|p1b: poc estressada|26\/100\n|move|p2b: Arcanine|Flare Blitz|p1b: poc estressada\n|-damage|p1b: poc estressada|0 fnt\n|faint|p1b: poc estressada\n|-damage|p2b: Arcanine|91\/100|[from] Recoil\n|move|p1a: poc rabuda|Skill Swap|p2b: Arcanine\n|-activate|p1a: poc rabuda|move: Skill Swap|Intimidate|Intimidate|[of] p2b: Arcanine\n|-ability|p1a: poc rabuda|Intimidate|boost\n|-unboost|p2a: Flutter Mane|atk|1\n|-unboost|p2b: Arcanine|atk|1\n|-ability|p2b: Arcanine|Intimidate|boost\n|-unboost|p1a: poc rabuda|atk|1\n|\n|upkeep\n|-message|diblibos forfeited.\n|\n|win|hysaaron\n|raw|diblibos's rating: 1156 → 1126<\/strong> (-30 for losing)\n|raw|hysaaron's rating: 1081 → 1115<\/strong> (+34 for winning)\n|l|\u2606diblibos\n","uploadtime":1683348945,"views":6,"p1id":"diblibos","p2id":"hysaaron","formatid":"gen9vgc2023regulationc","rating":1115,"private":0,"password":""}