{"id":"gen9vgc2023regulationc-1850738885","p1":"GOMEZ7296","p2":"TheOne6033","format":"[Gen 9] VGC 2023 Regulation C","log":"|j|\u2606GOMEZ7296\n|j|\u2606TheOne6033\n|t:|1682363484\n|gametype|doubles\n|player|p1|GOMEZ7296|102|1108\n|player|p2|TheOne6033|heroine2-conquest|1171\n|teamsize|p1|6\n|teamsize|p2|6\n|gen|9\n|tier|[Gen 9] VGC 2023 Regulation C\n|rated|\n|rule|Species Clause: Limit one of each Pok\u00e9mon\n|rule|Item Clause: Limit one of each item\n|clearpoke\n|poke|p1|Gholdengo, L50|\n|poke|p1|Garchomp, L50, M|\n|poke|p1|Talonflame, L50, F|\n|poke|p1|Iron Bundle, L50|\n|poke|p1|Chien-Pao, L50|\n|poke|p1|Iron Hands, L50|\n|poke|p2|Meowscarada, L50, M|\n|poke|p2|Gastrodon, L50, F|\n|poke|p2|Arcanine, L50, M|\n|poke|p2|Great Tusk, L50|\n|poke|p2|Amoonguss, L50, F|\n|poke|p2|Flutter Mane, L50|\n|teampreview|4\nTheOne6033 has agreed to open team sheets.\n|\n|t:|1682363537\n|start\n|switch|p1a: hola.|Talonflame, L50, F|100\/100\n|switch|p1b: comotanlosmaquina|Gholdengo, L50|100\/100\n|switch|p2a: Great Tusk|Great Tusk, L50|100\/100\n|switch|p2b: Flutter Mane|Flutter Mane, L50|100\/100\n|-enditem|p2b: Flutter Mane|Booster Energy\n|-activate|p2b: Flutter Mane|ability: Protosynthesis|[fromitem]\n|-start|p2b: Flutter Mane|protosynthesisspe\n|turn|1\n|\n|t:|1682363579\n|-terastallize|p1b: comotanlosmaquina|Steel\n|move|p1a: hola.|Tailwind|p1a: hola.\n|-sidestart|p1: GOMEZ7296|move: Tailwind\n|move|p2b: Flutter Mane|Shadow Ball|p1b: comotanlosmaquina\n|-damage|p1b: comotanlosmaquina|47\/100\n|move|p1b: comotanlosmaquina|Make It Rain|p2a: Great Tusk|[spread] p2a,p2b\n|-supereffective|p2b: Flutter Mane\n|-damage|p2a: Great Tusk|0 fnt\n|-damage|p2b: Flutter Mane|0 fnt\n|-unboost|p1b: comotanlosmaquina|spa|1\n|faint|p2a: Great Tusk\n|-end|p2a: Great Tusk|Protosynthesis|[silent]\n|faint|p2b: Flutter Mane\n|-end|p2b: Flutter Mane|Protosynthesis|[silent]\n|\n|upkeep\n|\n|t:|1682363593\n|switch|p2b: Arcanine|Arcanine, L50, M|100\/100\n|switch|p2a: Gastrodon|Gastrodon, L50, F|100\/100\n|-ability|p2b: Arcanine|Intimidate|boost\n|-unboost|p1a: hola.|atk|1\n|-unboost|p1b: comotanlosmaquina|atk|1\n|turn|2\n|\n|t:|1682363635\n|switch|p1a: Pajaropinto|Iron Bundle, L50|100\/100\n|-enditem|p1a: Pajaropinto|Booster Energy\n|-activate|p1a: Pajaropinto|ability: Quark Drive|[fromitem]\n|-start|p1a: Pajaropinto|quarkdrivespe\n|switch|p1b: FLASH 2.0|Chien-Pao, L50|100\/100\n|-ability|p1b: FLASH 2.0|Sword of Ruin\n|-terastallize|p2a: Gastrodon|Fire\n|move|p2b: Arcanine|Flare Blitz|p1b: FLASH 2.0\n|-supereffective|p1b: FLASH 2.0\n|-enditem|p1b: FLASH 2.0|Focus Sash\n|-damage|p1b: FLASH 2.0|1\/100\n|-damage|p2b: Arcanine|75\/100|[from] Recoil\n|move|p2a: Gastrodon|Muddy Water|p1b: FLASH 2.0|[spread] p1a,p1b\n|-resisted|p1a: Pajaropinto\n|-damage|p1a: Pajaropinto|73\/100\n|-damage|p1b: FLASH 2.0|0 fnt\n|faint|p1b: FLASH 2.0\n|\n|upkeep\n|inactive|Battle timer is ON: inactive players will automatically lose when time's up. (requested by TheOne6033)\n|\n|t:|1682363677\n|switch|p1b: hola.|Talonflame, L50, F|100\/100\n|turn|3\n|\n|t:|1682363695\n|move|p2b: Arcanine|Protect|p2b: Arcanine\n|-singleturn|p2b: Arcanine|Protect\n|move|p1a: Pajaropinto|Hydro Pump|p2a: Gastrodon\n|-ability|p2a: Gastrodon|Storm Drain|boost\n|-boost|p2a: Gastrodon|spa|1\n|move|p1b: hola.|Taunt|p2a: Gastrodon\n|-start|p2a: Gastrodon|move: Taunt\n|move|p2a: Gastrodon|Muddy Water|p1b: hola.|[spread] p1a,p1b\n|-resisted|p1a: Pajaropinto\n|-supereffective|p1b: hola.\n|-damage|p1a: Pajaropinto|28\/100\n|-damage|p1b: hola.|0 fnt\n|faint|p1b: hola.\n|\n|upkeep\n|\n|t:|1682363707\n|switch|p1b: comotanlosmaquina|Gholdengo, L50, tera:Steel|47\/100\n|turn|4\n|\n|t:|1682363724\n|move|p1a: Pajaropinto|Hydro Pump|p2a: Gastrodon\n|-activate|p2a: Gastrodon|ability: Storm Drain\n|-ability|p2a: Gastrodon|Storm Drain|boost\n|-boost|p2a: Gastrodon|spa|1\n|move|p1b: comotanlosmaquina|Focus Blast|p2a: Gastrodon\n|-damage|p2a: Gastrodon|28\/100\n|move|p2b: Arcanine|Flare Blitz|p1b: comotanlosmaquina\n|-supereffective|p1b: comotanlosmaquina\n|-damage|p1b: comotanlosmaquina|0 fnt\n|faint|p1b: comotanlosmaquina\n|-damage|p2b: Arcanine|62\/100|[from] Recoil\n|move|p2a: Gastrodon|Earth Power|p1a: Pajaropinto\n|-damage|p1a: Pajaropinto|0 fnt\n|faint|p1a: Pajaropinto\n|-end|p1a: Pajaropinto|Quark Drive|[silent]\n|\n|win|TheOne6033\n|raw|GOMEZ7296's rating: 1108 → 1087<\/strong> (-21 for losing)\n|raw|TheOne6033's rating: 1171 → 1192<\/strong> (+21 for winning)\n|l|\u2606GOMEZ7296\n","uploadtime":1682363766,"views":16,"p1id":"gomez7296","p2id":"theone6033","formatid":"gen9vgc2023regulationc","rating":1087,"private":0,"password":""}