{"id":"gen9vgc2023regulationc-1845554133","p1":"VictorbrineCassini","p2":"KB1107","format":"[Gen 9] VGC 2023 Regulation C","log":"|j|\u2606VictorbrineCassini\n|j|\u2606KB1107\n|t:|1681744537\n|gametype|doubles\n|player|p1|VictorbrineCassini|170|1074\n|player|p2|KB1107|102|1000\n|teamsize|p1|6\n|teamsize|p2|6\n|gen|9\n|tier|[Gen 9] VGC 2023 Regulation C\n|rated|\n|rule|Species Clause: Limit one of each Pok\u00e9mon\n|rule|Item Clause: Limit one of each item\n|clearpoke\n|poke|p1|Slither Wing, L50|\n|poke|p1|Flutter Mane, L50|\n|poke|p1|Great Tusk, L50|\n|poke|p1|Corviknight, L50, F|\n|poke|p1|Glimmora, L50, F|\n|poke|p1|Torkoal, L50, M|\n|poke|p2|Dragonite, L50, M|\n|poke|p2|Pelipper, L50, F|\n|poke|p2|Tinkaton, L50, F|\n|poke|p2|Garchomp, L50, M|\n|poke|p2|Raichu, L50, F|\n|poke|p2|Palafin, L50, M|\n|teampreview|4\n|\n|t:|1681744624\n|start\n|switch|p1a: Torkoal|Torkoal, L50, M|100\/100\n|switch|p1b: Flutter Mane|Flutter Mane, L50|100\/100\n|switch|p2a: Palafin|Palafin, L50, M, shiny|100\/100\n|switch|p2b: Raichu|Raichu, L50, F|100\/100\n|-weather|SunnyDay|[from] ability: Drought|[of] p1a: Torkoal\n|-activate|p1b: Flutter Mane|ability: Protosynthesis\n|-start|p1b: Flutter Mane|protosynthesisspa\n|turn|1\n|\n|t:|1681744652\n|detailschange|p2a: Palafin|Palafin-Hero, L50, M, shiny\n|switch|p2a: Pelipper|Pelipper, L50, F, shiny|100\/100\n|-weather|RainDance|[from] ability: Drizzle|[of] p2a: Pelipper\n|-end|p1b: Flutter Mane|Protosynthesis\n|move|p1a: Torkoal|Helping Hand|p1b: Flutter Mane\n|-singleturn|p1b: Flutter Mane|Helping Hand|[of] p1a: Torkoal\n|move|p1b: Flutter Mane|Dazzling Gleam|p2a: Pelipper|[spread] p2a,p2b\n|-damage|p2a: Pelipper|0 fnt\n|-enditem|p2b: Raichu|Focus Sash\n|-damage|p2b: Raichu|1\/100\n|faint|p2a: Pelipper\n|move|p2b: Raichu|Surf|p1a: Torkoal|[spread] p1a,p1b\n|-supereffective|p1a: Torkoal\n|-damage|p1a: Torkoal|20\/100\n|-damage|p1b: Flutter Mane|70\/100\n|\n|-weather|RainDance|[upkeep]\n|upkeep\n|\n|t:|1681744671\n|switch|p2a: Palafin|Palafin-Hero, L50, M, shiny|100\/100\n|-activate|p2a: Palafin|ability: Zero to Hero\n|turn|2\n|\n|t:|1681744699\n|move|p1a: Torkoal|Helping Hand|p1b: Flutter Mane\n|-singleturn|p1b: Flutter Mane|Helping Hand|[of] p1a: Torkoal\n|move|p2a: Palafin|Jet Punch|p1b: Flutter Mane\n|-damage|p1b: Flutter Mane|0 fnt\n|faint|p1b: Flutter Mane\n|-end|p1b: Flutter Mane|Protosynthesis|[silent]\n|move|p2b: Raichu|Surf|p1a: Torkoal|[spread] p2a,p1a\n|-resisted|p2a: Palafin\n|-supereffective|p1a: Torkoal\n|-crit|p1a: Torkoal\n|-damage|p2a: Palafin|83\/100\n|-damage|p1a: Torkoal|0 fnt\n|faint|p1a: Torkoal\n|\n|-weather|RainDance|[upkeep]\n|upkeep\n|\n|t:|1681744711\n|switch|p1b: Slither Wing|Slither Wing, L50|100\/100\n|switch|p1a: Corviknight|Corviknight, L50, F|100\/100\n|-enditem|p1b: Slither Wing|Booster Energy\n|-activate|p1b: Slither Wing|ability: Protosynthesis|[fromitem]\n|-start|p1b: Slither Wing|protosynthesisatk\n|turn|3\n|\n|t:|1681744737\n|move|p1b: Slither Wing|First Impression|p2a: Palafin\n|-damage|p2a: Palafin|15\/100\n|move|p2a: Palafin|Jet Punch|p1b: Slither Wing\n|-damage|p1b: Slither Wing|0 fnt\n|faint|p1b: Slither Wing\n|-end|p1b: Slither Wing|Protosynthesis|[silent]\n|move|p2b: Raichu|Thunder|p1a: Corviknight\n|-supereffective|p1a: Corviknight\n|-damage|p1a: Corviknight|2\/100\n|move|p1a: Corviknight|Body Press|p2b: Raichu\n|-damage|p2b: Raichu|0 fnt\n|faint|p2b: Raichu\n|\n|-weather|RainDance|[upkeep]\n|upkeep\n|\n|t:|1681744754\n|switch|p2b: Garchomp|Garchomp, L50, M|100\/100\n|turn|4\n|-message|VictorbrineCassini forfeited.\n|\n|win|KB1107\n|raw|VictorbrineCassini's rating: 1074 → 1048<\/strong> (-26 for losing)\n|raw|KB1107's rating: 1000 → 1048<\/strong> (+48 for winning)\n|l|\u2606VictorbrineCassini\n","uploadtime":1681744768,"views":16,"p1id":"victorbrinecassini","p2id":"kb1107","formatid":"gen9vgc2023regulationc","rating":1048,"private":0,"password":""}