{"id":"gen9vgc2023regulationc-1853124054","p1":"Zeus02","p2":"Samythril","format":"[Gen 9] VGC 2023 Regulation C","log":"|j|\u2606Zeus02\n|j|\u2606Samythril\n|t:|1682638063\n|gametype|doubles\n|player|p1|Zeus02|red|1378\n|player|p2|Samythril|flannery|1472\n|teamsize|p1|6\n|teamsize|p2|6\n|gen|9\n|tier|[Gen 9] VGC 2023 Regulation C\n|rated|\n|rule|Species Clause: Limit one of each Pok\u00e9mon\n|rule|Item Clause: Limit one of each item\n|clearpoke\n|poke|p1|Dragapult, L50, M|\n|poke|p1|Chien-Pao, L50|\n|poke|p1|Clodsire, L50, M|\n|poke|p1|Maushold-Four, L50|\n|poke|p1|Arcanine, L50, M|\n|poke|p1|Flutter Mane, L50|\n|poke|p2|Orthworm, L50, F|\n|poke|p2|Ting-Lu, L50|\n|poke|p2|Dragonite, L50, F|\n|poke|p2|Flutter Mane, L50|\n|poke|p2|Talonflame, L50, M|\n|poke|p2|Garchomp, L50, M|\n|teampreview|4\nSamythril has agreed to open team sheets.\nZeus02 has agreed to open team sheets.\n|c|\u2606Samythril|glhf!\n|\n|t:|1682638163\n|start\n|switch|p1a: Maushold|Maushold-Four, L50|100\/100\n|switch|p1b: Flutter Mane|Flutter Mane, L50|100\/100\n|switch|p2a: Talonflame|Talonflame, L50, M|100\/100\n|switch|p2b: Garchomp|Garchomp, L50, M|100\/100\n|-enditem|p1b: Flutter Mane|Booster Energy\n|-activate|p1b: Flutter Mane|ability: Protosynthesis|[fromitem]\n|-start|p1b: Flutter Mane|protosynthesisspa\n|turn|1\n|\n|t:|1682638214\n|-terastallize|p2b: Garchomp|Fire\n|move|p1b: Flutter Mane|Protect|p1b: Flutter Mane\n|-singleturn|p1b: Flutter Mane|Protect\n|move|p2a: Talonflame|Tailwind|p2a: Talonflame\n|-sidestart|p2: Samythril|move: Tailwind\n|move|p2b: Garchomp|Swords Dance|p2b: Garchomp\n|-boost|p2b: Garchomp|atk|2\n|move|p1a: Maushold|Population Bomb|p2a: Talonflame|[miss]\n|-miss|p1a: Maushold|p2a: Talonflame\n|\n|upkeep\n|turn|2\n|\n|t:|1682638247\n|move|p1a: Maushold|Follow Me|p1a: Maushold\n|-singleturn|p1a: Maushold|move: Follow Me\n|move|p2a: Talonflame|Brave Bird|p1a: Maushold\n|-damage|p1a: Maushold|44\/100\n|-damage|p2a: Talonflame|78\/100|[from] Recoil\n|move|p2b: Garchomp|Earthquake|p1b: Flutter Mane|[spread] p1a,p1b\n|-immune|p2a: Talonflame\n|-damage|p1a: Maushold|0 fnt\n|-damage|p1b: Flutter Mane|0 fnt\n|faint|p1a: Maushold\n|faint|p1b: Flutter Mane\n|-end|p1b: Flutter Mane|Protosynthesis|[silent]\n|-damage|p2b: Garchomp|91\/100|[from] item: Life Orb\n|\n|upkeep\n|-message|Zeus02 forfeited.\n|\n|win|Samythril\n|raw|Zeus02's rating: 1378 → 1363<\/strong> (-15 for losing)\n|raw|Samythril's rating: 1472 → 1487<\/strong> (+15 for winning)\n|l|\u2606Zeus02\n","uploadtime":1682638277,"views":8,"p1id":"zeus02","p2id":"samythril","formatid":"gen9vgc2023regulationc","rating":1363,"private":0,"password":""}