{"id":"gen9vgc2023regulationc-1858030143","p1":"Ttamato","p2":"vhjryuj","format":"[Gen 9] VGC 2023 Regulation C","log":"|j|\u2606Ttamato\n|j|\u2606vhjryuj\n|t:|1683263127\n|gametype|doubles\n|player|p1|Ttamato|1|1040\n|player|p2|vhjryuj|2|1080\n|teamsize|p1|6\n|teamsize|p2|6\n|gen|9\n|tier|[Gen 9] VGC 2023 Regulation C\n|rated|\n|rule|Species Clause: Limit one of each Pok\u00e9mon\n|rule|Item Clause: Limit one of each item\n|clearpoke\n|poke|p1|Oricorio-Sensu, L50, M|\n|poke|p1|Volcarona, L50, F|\n|poke|p1|Hydreigon, L50, F|\n|poke|p1|Amoonguss, L50, M|\n|poke|p1|Arboliva, L50, F|\n|poke|p1|Azumarill, L50, F|\n|poke|p2|Torkoal, L50, M|\n|poke|p2|Chi-Yu, L50|\n|poke|p2|Bronzong, L50|\n|poke|p2|Gastrodon, L50, F|\n|poke|p2|Grimmsnarl, L50, M|\n|poke|p2|Skeledirge, L50, F|\n|teampreview|4\n|inactive|Battle timer is ON: inactive players will automatically lose when time's up. (requested by vhjryuj)\n|\n|t:|1683263167\n|start\n|switch|p1a: Oricorio|Oricorio-Sensu, L50, M|100\/100\n|switch|p1b: Volcarona|Volcarona, L50, F|100\/100\n|switch|p2a: Chi-Yu|Chi-Yu, L50|100\/100\n|switch|p2b: Grimmsnarl|Grimmsnarl, L50, M|100\/100\n|-ability|p2a: Chi-Yu|Beads of Ruin\n|turn|1\n|\n|t:|1683263180\n|move|p1a: Oricorio|Protect|p1a: Oricorio\n|-singleturn|p1a: Oricorio|Protect\n|move|p2b: Grimmsnarl|Fake Out|p1b: Volcarona\n|-damage|p1b: Volcarona|89\/100\n|move|p2a: Chi-Yu|Substitute|p2a: Chi-Yu\n|-start|p2a: Chi-Yu|Substitute\n|-damage|p2a: Chi-Yu|76\/100\n|cant|p1b: Volcarona|flinch\n|\n|-heal|p1b: Volcarona|95\/100|[from] item: Leftovers\n|upkeep\n|turn|2\n|inactive|Ttamato has 30 seconds left.\n|\n|t:|1683263206\n|-terastallize|p1a: Oricorio|Fighting\n|move|p2b: Grimmsnarl|Trick|p1a: Oricorio\n|-activate|p2b: Grimmsnarl|move: Trick|[of] p1a: Oricorio\n|-item|p1a: Oricorio|Lagging Tail|[from] move: Trick\n|-item|p2b: Grimmsnarl|Expert Belt|[from] move: Trick\n|move|p2a: Chi-Yu|Snarl|p1a: Oricorio|[spread] p1b\n|-miss|p2a: Chi-Yu|p1a: Oricorio\n|-damage|p1b: Volcarona|72\/100\n|-unboost|p1b: Volcarona|spa|1\n|move|p1a: Oricorio|Revelation Dance|p2b: Grimmsnarl\n|-damage|p2b: Grimmsnarl|31\/100\n|move|p1b: Volcarona|Quiver Dance|p1b: Volcarona\n|-boost|p1b: Volcarona|spa|1\n|-boost|p1b: Volcarona|spd|1\n|-boost|p1b: Volcarona|spe|1\n|-activate|p1a: Oricorio|ability: Dancer\n|move|p1a: Oricorio|Quiver Dance|p1a: Oricorio|[from]ability: Dancer\n|-boost|p1a: Oricorio|spa|1\n|-boost|p1a: Oricorio|spd|1\n|-boost|p1a: Oricorio|spe|1\n|\n|-heal|p1b: Volcarona|78\/100|[from] item: Leftovers\n|upkeep\n|turn|3\n|inactive|Ttamato has 30 seconds left.\n|inactive|vhjryuj has 30 seconds left.\n|\n|t:|1683263237\n|move|p1b: Volcarona|Quiver Dance|p1b: Volcarona\n|-boost|p1b: Volcarona|spa|1\n|-boost|p1b: Volcarona|spd|1\n|-boost|p1b: Volcarona|spe|1\n|-activate|p1a: Oricorio|ability: Dancer\n|move|p1a: Oricorio|Quiver Dance|p1a: Oricorio|[from]ability: Dancer\n|-boost|p1a: Oricorio|spa|1\n|-boost|p1a: Oricorio|spd|1\n|-boost|p1a: Oricorio|spe|1\n|move|p2a: Chi-Yu|Snarl|p1a: Oricorio|[spread] p1a,p1b\n|-resisted|p1a: Oricorio\n|-damage|p1a: Oricorio|91\/100\n|-damage|p1b: Volcarona|68\/100\n|-unboost|p1a: Oricorio|spa|1\n|-unboost|p1b: Volcarona|spa|1\n|move|p2b: Grimmsnarl|Spirit Break|p1a: Oricorio\n|-supereffective|p1a: Oricorio\n|-damage|p1a: Oricorio|0 fnt\n|faint|p1a: Oricorio\n|\n|-heal|p1b: Volcarona|74\/100|[from] item: Leftovers\n|upkeep\n|\n|t:|1683263254\n|switch|p1a: Arboliva|Arboliva, L50, F|100\/100\n|turn|4\n|-message|Ttamato forfeited.\n|\n|win|vhjryuj\n|raw|Ttamato's rating: 1040 → 1026<\/strong> (-14 for losing)\n|raw|vhjryuj's rating: 1080 → 1105<\/strong> (+25 for winning)\n|l|\u2606Ttamato\n","uploadtime":1683263268,"views":13,"p1id":"ttamato","p2id":"vhjryuj","formatid":"gen9vgc2023regulationc","rating":1026,"private":0,"password":""}