{"id":"gen9vgc2023regulationc-1852048649","p1":"mil0battles","p2":"Kim Wexler Gaming","format":"[Gen 9] VGC 2023 Regulation C","log":"|j|\u2606mil0battles\n|j|\u2606Kim Wexler Gaming\n|t:|1682519852\n|gametype|doubles\n|player|p1|mil0battles|169|1243\n|player|p2|Kim Wexler Gaming|penny|1252\n|teamsize|p1|6\n|teamsize|p2|6\n|gen|9\n|tier|[Gen 9] VGC 2023 Regulation C\n|rated|\n|rule|Species Clause: Limit one of each Pok\u00e9mon\n|rule|Item Clause: Limit one of each item\n|clearpoke\n|poke|p1|Indeedee-F, L50, F|\n|poke|p1|Kingambit, L50, F|\n|poke|p1|Torkoal, L50, F|\n|poke|p1|Hariyama, L50, M|\n|poke|p1|Hatterene, L50, F|\n|poke|p1|Armarouge, L50, M|\n|poke|p2|Iron Jugulis, L50|\n|poke|p2|Garchomp, L50, F|\n|poke|p2|Chien-Pao, L50|\n|poke|p2|Kilowattrel, L50, F|\n|poke|p2|Mismagius, L50, F|\n|poke|p2|Flutter Mane, L50|\n|teampreview|4\n|inactive|Battle timer is ON: inactive players will automatically lose when time's up. (requested by Kim Wexler Gaming)\n|\n|t:|1682519872\n|start\n|switch|p1a: Indeedee|Indeedee-F, L50, F|100\/100\n|switch|p1b: Hatterene|Hatterene, L50, F|100\/100\n|switch|p2a: Tara|Chien-Pao, L50|100\/100\n|switch|p2b: Dommy Mommy|Garchomp, L50, F, shiny|100\/100\n|-ability|p2a: Tara|Sword of Ruin\n|-item|p2a: Tara|Air Balloon\n|-fieldstart|move: Psychic Terrain|[from] ability: Psychic Surge|[of] p1a: Indeedee\n|turn|1\n|c|\u2606Kim Wexler Gaming|Good luck, have fun.\n|\n|t:|1682519891\n|move|p1a: Indeedee|Protect|p1a: Indeedee\n|-singleturn|p1a: Indeedee|Protect\n|move|p2a: Tara|Icicle Crash|p1b: Hatterene\n|-damage|p1b: Hatterene|38\/100\n|move|p2b: Dommy Mommy|Earthquake|p1b: Hatterene|[spread] p1b\n|-activate|p1a: Indeedee|move: Protect\n|-immune|p2a: Tara\n|-damage|p1b: Hatterene|0 fnt\n|faint|p1b: Hatterene\n|\n|upkeep\n|\n|t:|1682519902\n|switch|p1b: Torkoal|Torkoal, L50, F|100\/100\n|-weather|SunnyDay|[from] ability: Drought|[of] p1b: Torkoal\n|turn|2\n|\n|t:|1682519909\n|move|p1b: Torkoal|Protect|p1b: Torkoal\n|-singleturn|p1b: Torkoal|Protect\n|move|p2a: Tara|Icicle Crash|p1a: Indeedee\n|-damage|p1a: Indeedee|42\/100\n|move|p2b: Dommy Mommy|Earthquake|p1b: Torkoal|[spread] p1a\n|-activate|p1b: Torkoal|move: Protect\n|-immune|p2a: Tara\n|-damage|p1a: Indeedee|0 fnt\n|faint|p1a: Indeedee\n|\n|-weather|SunnyDay|[upkeep]\n|upkeep\n|-message|mil0battles forfeited.\n|\n|win|Kim Wexler Gaming\n|raw|mil0battles's rating: 1243 → 1219<\/strong> (-24 for losing)\n|raw|Kim Wexler Gaming's rating: 1252 → 1276<\/strong> (+24 for winning)\n|l|\u2606mil0battles\n","uploadtime":1682519922,"views":15,"p1id":"mil0battles","p2id":"kimwexlergaming","formatid":"gen9vgc2023regulationc","rating":1219,"private":0,"password":""}