{"id":"gen9vgc2023regulationc-1859727019","p1":"kheld","p2":"darthnius","format":"[Gen 9] VGC 2023 Regulation C","log":"|j|\u2606kheld\n|j|\u2606darthnius\n|t:|1683559508\n|gametype|doubles\n|player|p1|kheld|brawly|1772\n|player|p2|darthnius|volkner|1689\n|teamsize|p1|6\n|teamsize|p2|6\n|gen|9\n|tier|[Gen 9] VGC 2023 Regulation C\n|rated|\n|rule|Species Clause: Limit one of each Pok\u00e9mon\n|rule|Item Clause: Limit one of each item\n|clearpoke\n|poke|p1|Great Tusk, L50|\n|poke|p1|Iron Bundle, L50|\n|poke|p1|Murkrow, L50, M|\n|poke|p1|Chien-Pao, L50|\n|poke|p1|Flutter Mane, L50|\n|poke|p1|Maushold, L50|\n|poke|p2|Murkrow, L50, F|\n|poke|p2|Chi-Yu, L50|\n|poke|p2|Flutter Mane, L50|\n|poke|p2|Great Tusk, L50|\n|poke|p2|Brute Bonnet, L50|\n|poke|p2|Corviknight, L50, F|\n|teampreview|4\ndarthnius has agreed to open team sheets.\nkheld has agreed to open team sheets.\n|inactive|Battle timer is ON: inactive players will automatically lose when time's up. (requested by darthnius)\n|\n|t:|1683559596\n|start\n|switch|p1a: Great Tusk|Great Tusk, L50|100\/100\n|switch|p1b: Chien-Pao|Chien-Pao, L50|100\/100\n|switch|p2a: Corviknight|Corviknight, L50, F|100\/100\n|switch|p2b: Great Tusk|Great Tusk, L50|100\/100\n|-ability|p1b: Chien-Pao|Sword of Ruin\n|turn|1\n|inactive|kheld has 30 seconds left.\n|inactive|darthnius has 30 seconds left.\n|inactive|darthnius has 20 seconds left.\n|inactive|darthnius has 15 seconds left.\n|inactive|darthnius has 10 seconds left.\n|j| EnrolledAgent\n|inactive|kheld has 20 seconds left.\n|inactive|darthnius has 5 seconds left.\n|inactive|kheld has 15 seconds left.\n|\n|t:|1683559653\n|-terastallize|p1b: Chien-Pao|Flying\n|move|p2b: Great Tusk|Earthquake|p1a: Great Tusk|[spread] p1a\n|-immune|p2a: Corviknight\n|-immune|p1b: Chien-Pao\n|-damage|p1a: Great Tusk|56\/100\n|move|p1b: Chien-Pao|Ice Spinner|p2b: Great Tusk\n|-supereffective|p2b: Great Tusk\n|-damage|p2b: Great Tusk|25\/100\n|move|p1a: Great Tusk|Earthquake|p2a: Corviknight|[spread] p2b\n|-immune|p1b: Chien-Pao\n|-immune|p2a: Corviknight\n|-damage|p2b: Great Tusk|0 fnt\n|faint|p2b: Great Tusk\n|-end|p2b: Great Tusk|Protosynthesis|[silent]\n|move|p2a: Corviknight|U-turn|p1b: Chien-Pao\n|-resisted|p1b: Chien-Pao\n|-damage|p1b: Chien-Pao|81\/100\n|\n|t:|1683559670\n|switch|p2a: Flutter Mane|Flutter Mane, L50|100\/100|[from] U-turn\n|\n|upkeep\n|\n|t:|1683559674\n|switch|p2b: Murkrow|Murkrow, L50, F|100\/100\n|turn|2\n|inactive|kheld has 30 seconds left.\n|inactive|kheld has 20 seconds left.\n|inactive|kheld has 15 seconds left.\n|\n|t:|1683559716\n|-terastallize|p2a: Flutter Mane|Fairy\n|move|p1b: Chien-Pao|Sucker Punch|p2a: Flutter Mane\n|-resisted|p2a: Flutter Mane\n|-damage|p2a: Flutter Mane|59\/100\n|move|p2b: Murkrow|Tailwind|p2b: Murkrow\n|-sidestart|p2: darthnius|move: Tailwind\n|move|p2a: Flutter Mane|Dazzling Gleam|p1b: Chien-Pao|[spread] p1a,p1b\n|-supereffective|p1a: Great Tusk\n|-damage|p1a: Great Tusk|0 fnt\n|-damage|p1b: Chien-Pao|0 fnt\n|faint|p1a: Great Tusk\n|-end|p1a: Great Tusk|Protosynthesis|[silent]\n|faint|p1b: Chien-Pao\n|\n|upkeep\n|\n|t:|1683559727\n|switch|p1b: Iron Bundle|Iron Bundle, L50|100\/100\n|switch|p1a: Maushold|Maushold, L50|100\/100\n|-enditem|p1b: Iron Bundle|Booster Energy\n|-activate|p1b: Iron Bundle|ability: Quark Drive|[fromitem]\n|-start|p1b: Iron Bundle|quarkdrivespe\n|turn|3\n|\n|t:|1683559750\n|move|p1a: Maushold|Protect|p1a: Maushold\n|-singleturn|p1a: Maushold|Protect\n|move|p2b: Murkrow|Sunny Day|p2b: Murkrow\n|-weather|SunnyDay\n|-activate|p2a: Flutter Mane|ability: Protosynthesis\n|-start|p2a: Flutter Mane|protosynthesisspa\n|move|p2a: Flutter Mane|Dazzling Gleam|p1a: Maushold|[spread] p1b\n|-activate|p1a: Maushold|move: Protect\n|-damage|p1b: Iron Bundle|0 fnt\n|faint|p1b: Iron Bundle\n|-end|p1b: Iron Bundle|Quark Drive|[silent]\n|\n|-weather|SunnyDay|[upkeep]\n|upkeep\n|turn|4\n|inactive|kheld has 30 seconds left.\n|\n|t:|1683559782\n|move|p2a: Flutter Mane|Dazzling Gleam|p1a: Maushold\n|-crit|p1a: Maushold\n|-damage|p1a: Maushold|0 fnt\n|faint|p1a: Maushold\n|\n|win|darthnius\n|raw|kheld's rating: 1772 → 1747<\/strong> (-25 for losing)\n|raw|darthnius's rating: 1689 → 1714<\/strong> (+25 for winning)\n|l|\u2606kheld\n","uploadtime":1683559859,"views":12,"p1id":"kheld","p2id":"darthnius","formatid":"gen9vgc2023regulationc","rating":1714,"private":0,"password":""}