{"id":"gen9vgc2023regulationc-1857704959","p1":"hyilf","p2":"fkhg","format":"[Gen 9] VGC 2023 Regulation C","log":"|j|\u2606hyilf\n|j|\u2606fkhg\n|t:|1683224017\n|gametype|doubles\n|player|p1|hyilf|2|1127\n|player|p2|fkhg|102|1168\n|teamsize|p1|6\n|teamsize|p2|6\n|gen|9\n|tier|[Gen 9] VGC 2023 Regulation C\n|rated|\n|rule|Species Clause: Limit one of each Pok\u00e9mon\n|rule|Item Clause: Limit one of each item\n|clearpoke\n|poke|p1|Flamigo, L50, M|\n|poke|p1|Palafin, L50, M|\n|poke|p1|Ceruledge, L50, F|\n|poke|p1|Amoonguss, L50, M|\n|poke|p1|Krookodile, L50, F|\n|poke|p1|Meowscarada, L50, F|\n|poke|p2|Noivern, L50, F|\n|poke|p2|Sylveon, L50, F|\n|poke|p2|Iron Hands, L50|\n|poke|p2|Oranguru, L50, F|\n|poke|p2|Chi-Yu, L50|\n|poke|p2|Amoonguss, L50, F|\n|teampreview|4\n|\n|t:|1683224032\n|start\n|switch|p1a: Meowscarada|Meowscarada, L50, F|100\/100\n|switch|p1b: Krookodile|Krookodile, L50, F|100\/100\n|switch|p2a: Sylveon|Sylveon, L50, F|100\/100\n|switch|p2b: Iron Hands|Iron Hands, L50|100\/100\n|turn|1\n|\n|t:|1683224044\n|move|p1a: Meowscarada|Flower Trick|p1b: Krookodile\n|-supereffective|p1b: Krookodile\n|-crit|p1b: Krookodile\n|-enditem|p1b: Krookodile|Rindo Berry|[eat]\n|-enditem|p1b: Krookodile|Rindo Berry|[weaken]\n|-damage|p1b: Krookodile|59\/100\n|-setboost|p1b: Krookodile|atk|6|[from] ability: Anger Point\n|move|p1b: Krookodile|Earthquake|p2b: Iron Hands|[spread] p1a,p2a,p2b\n|-resisted|p1a: Meowscarada\n|-supereffective|p2b: Iron Hands\n|-damage|p1a: Meowscarada|0 fnt\n|-damage|p2a: Sylveon|0 fnt\n|-damage|p2b: Iron Hands|0 fnt\n|faint|p1a: Meowscarada\n|faint|p2a: Sylveon\n|faint|p2b: Iron Hands\n|-end|p2b: Iron Hands|Quark Drive|[silent]\n|\n|upkeep\n|\n|t:|1683224058\n|switch|p1a: Flamigo|Flamigo, L50, M|100\/100\n|switch|p2b: Chi-Yu|Chi-Yu, L50|100\/100\n|switch|p2a: Noivern|Noivern, L50, F|100\/100\n|-ability|p2b: Chi-Yu|Beads of Ruin\n|-copyboost|p1a: Flamigo|p1b: Krookodile|[from] ability: Costar\n|turn|2\n|\n|t:|1683224079\n|move|p2b: Chi-Yu|Protect|p2b: Chi-Yu\n|-singleturn|p2b: Chi-Yu|Protect\n|move|p2a: Noivern|Boomburst|p1b: Krookodile|[spread] p1a,p1b\n|-activate|p2b: Chi-Yu|move: Protect\n|-damage|p1a: Flamigo|55\/100\n|-damage|p1b: Krookodile|0 fnt\n|faint|p1b: Krookodile\n|move|p1a: Flamigo|Close Combat|p2b: Chi-Yu\n|-activate|p2b: Chi-Yu|move: Protect\n|\n|upkeep\n|\n|t:|1683224088\n|switch|p1b: Amoonguss|Amoonguss, L50, M|100\/100\n|turn|3\n|\n|t:|1683224110\n|move|p2a: Noivern|Boomburst|p1b: Amoonguss|[spread] p2b,p1a,p1b\n|-damage|p2b: Chi-Yu|46\/100\n|-damage|p1a: Flamigo|5\/100\n|-damage|p1b: Amoonguss|59\/100\n|move|p2b: Chi-Yu|Heat Wave|p1a: Flamigo|[spread] p1a,p1b\n|-supereffective|p1b: Amoonguss\n|-damage|p1a: Flamigo|0 fnt\n|-damage|p1b: Amoonguss|0 fnt\n|faint|p1a: Flamigo\n|faint|p1b: Amoonguss\n|-damage|p2b: Chi-Yu|36\/100|[from] item: Life Orb\n|\n|win|fkhg\n|raw|hyilf's rating: 1127 → 1105<\/strong> (-22 for losing)\n|raw|fkhg's rating: 1168 → 1190<\/strong> (+22 for winning)\n|l|\u2606hyilf\n","uploadtime":1683224123,"views":12,"p1id":"hyilf","p2id":"fkhg","formatid":"gen9vgc2023regulationc","rating":1105,"private":0,"password":""}