{"id":"gen9vgc2023regulationc-1856520291","p1":"AmongusMAster5678","p2":"mafumafusimpsimp","format":"[Gen 9] VGC 2023 Regulation C","log":"|j|\u2606AmongusMAster5678\n|j|\u2606mafumafusimpsimp\n|t:|1683070972\n|gametype|doubles\n|player|p1|AmongusMAster5678|101|\n|player|p2|mafumafusimpsimp|crasherwake|\n|teamsize|p1|6\n|teamsize|p2|6\n|gen|9\n|tier|[Gen 9] VGC 2023 Regulation C\n|rated|Tournament battle\n|rule|Species Clause: Limit one of each Pok\u00e9mon\n|rule|Item Clause: Limit one of each item\n|clearpoke\n|poke|p1|Glimmora, L50, M|\n|poke|p1|Amoonguss, L50, F|\n|poke|p1|Dondozo, L50, F|\n|poke|p1|Tatsugiri, L50, F|\n|poke|p1|Flutter Mane, L50|\n|poke|p1|Arcanine, L50, M|\n|poke|p2|Breloom, L50, M|\n|poke|p2|Chien-Pao, L50|\n|poke|p2|Flutter Mane, L50|\n|poke|p2|Kingambit, L50, F|\n|poke|p2|Iron Hands, L50|\n|poke|p2|Iron Bundle, L50|\n|teampreview|4\n|raw| Open Team Sheet for AmongusMAster5678<\/summary>Glimmora @ Assault Vest Ability: Corrosion Level: 50 Tera Type: Grass - Mortal Spin - Energy Ball - Power Gem - Sludge Bomb Amoonguss @ Sitrus Berry Ability: Regenerator Level: 50 Tera Type: Water - Rage Powder - Protect - Leaf Storm - Pollen Puff Donbozo (Dondozo) @ Leftovers Ability: Oblivious Level: 50 Tera Type: Grass - Tera Blast - Earthquake - Wave Crash - Protect Tatsugiri @ Choice Scarf Ability: Commander Level: 50 Tera Type: Steel - Draco Meteor - Surf - Icy Wind - Chilling Water Flutter Mane @ Booster Energy Ability: Protosynthesis Level: 50 Shiny: Yes Tera Type: Water - Protect - Perish Song - Shadow Ball - Dazzling Gleam Arcanine @ Safety Goggles Ability: Intimidate Level: 50 Tera Type: Water - Protect - Extreme Speed - Flare Blitz - Will-O-Wisp <\/details><\/div> Open Team Sheet for mafumafusimpsimp<\/summary>Smolman (Breloom) @ Focus Sash Ability: Technician Level: 50 Tera Type: Fighting - Bullet Seed - Mach Punch - Rock Tomb - Spore Cat (Chien-Pao) @ Life Orb Ability: Sword of Ruin Level: 50 Tera Type: Ghost - Protect - Ice Spinner - Sucker Punch - Sacred Sword Flutter Pain (Flutter Mane) @ Booster Energy Ability: Protosynthesis Level: 50 Tera Type: Fairy - Dazzling Gleam - Moonblast - Shadow Ball - Protect Queen Gambit (Kingambit) (F) @ Safety Goggles Ability: Defiant Level: 50 Tera Type: Flying - Tera Blast - Iron Head - Swords Dance - Sucker Punch Only Hands (Iron Hands) @ Clear Amulet Ability: Quark Drive Level: 50 Tera Type: Fire - Swords Dance - Drain Punch - Thunder Punch - Protect Iron Fumble (Iron Bundle) @ Covert Cloak Ability: Quark Drive Level: 50 Tera Type: Ice - Icy Wind - Freeze-Dry - Hydro Pump - Encore <\/details><\/div>\n|inactive|Battle timer is ON: inactive players will automatically lose when time's up. (requested by AmongusMAster5678)\n|c|\u2606mafumafusimpsimp|glhf\n|j| Snowstorm brute\n|j| baldafor\n|inactive|AmongusMAster5678 has 60 seconds left.\n|inactive|mafumafusimpsimp has 60 seconds left.\n|\n|t:|1683071016\n|start\n|switch|p1a: Glimmora|Glimmora, L50, M|100\/100\n|switch|p1b: Donbozo|Dondozo, L50, F|100\/100\n|switch|p2a: Iron Fumble|Iron Bundle, L50|100\/100\n|switch|p2b: Queen Gambit|Kingambit, L50, F|100\/100\n|turn|1\n|c|\u2606AmongusMAster5678|glhf too\n|j| WeirdPolyCouple\n|inactive|AmongusMAster5678 has 30 seconds left.\n|inactive|mafumafusimpsimp has 30 seconds left.\n|inactive|AmongusMAster5678 has 20 seconds left.\n|inactive|AmongusMAster5678 has 15 seconds left.\n|\n|t:|1683071060\n|-terastallize|p2b: Queen Gambit|Flying\n|move|p1b: Donbozo|Protect|p1b: Donbozo\n|-singleturn|p1b: Donbozo|Protect\n|move|p2a: Iron Fumble|Hydro Pump|p1a: Glimmora\n|-supereffective|p1a: Glimmora\n|-damage|p1a: Glimmora|12\/100\n|move|p1a: Glimmora|Power Gem|p2a: Iron Fumble\n|-supereffective|p2a: Iron Fumble\n|-damage|p2a: Iron Fumble|0 fnt\n|faint|p2a: Iron Fumble\n|-end|p2a: Iron Fumble|Quark Drive|[silent]\n|move|p2b: Queen Gambit|Swords Dance|p2b: Queen Gambit\n|-boost|p2b: Queen Gambit|atk|2\n|\n|upkeep\n|\n|t:|1683071075\n|switch|p2a: Smolman|Breloom, L50, M|100\/100\n|turn|2\n|\n|t:|1683071086\n|-terastallize|p1b: Donbozo|Grass\n|move|p2b: Queen Gambit|Sucker Punch|p1a: Glimmora\n|-damage|p1a: Glimmora|0 fnt\n|faint|p1a: Glimmora\n|move|p2a: Smolman|Spore|p1b: Donbozo\n|-immune|p1b: Donbozo\n|move|p1b: Donbozo|Wave Crash|p2b: Queen Gambit\n|-damage|p2b: Queen Gambit|64\/100\n|-damage|p1b: Donbozo|90\/100|[from] Recoil\n|\n|-heal|p1b: Donbozo|96\/100|[from] item: Leftovers\n|upkeep\n|\n|t:|1683071094\n|switch|p1a: Tatsugiri|Tatsugiri, L50, F|100\/100\n|-activate|p1a: Tatsugiri|ability: Commander|[of] p1b: Donbozo\n|-boost|p1b: Donbozo|atk|2\n|-boost|p1b: Donbozo|spa|2\n|-boost|p1b: Donbozo|spe|2\n|-boost|p1b: Donbozo|def|2\n|-boost|p1b: Donbozo|spd|2\n|turn|3\n|inactive|mafumafusimpsimp has 30 seconds left.\n|\n|t:|1683071120\n|move|p2b: Queen Gambit|Sucker Punch|p1b: Donbozo\n|-damage|p1b: Donbozo|65\/100\n|move|p1b: Donbozo|Wave Crash|p2b: Queen Gambit\n|-crit|p2b: Queen Gambit\n|-damage|p2b: Queen Gambit|0 fnt\n|faint|p2b: Queen Gambit\n|-damage|p1b: Donbozo|46\/100|[from] Recoil\n|move|p2a: Smolman|Rock Tomb|p1b: Donbozo\n|-damage|p1b: Donbozo|35\/100\n|-unboost|p1b: Donbozo|spe|1\n|\n|-heal|p1b: Donbozo|41\/100|[from] item: Leftovers\n|upkeep\n|\n|t:|1683071126\n|switch|p2b: Only Hands|Iron Hands, L50|100\/100\n|turn|4\n|\n|t:|1683071133\n|move|p1b: Donbozo|Protect|p1b: Donbozo\n|-singleturn|p1b: Donbozo|Protect\n|move|p2b: Only Hands|Protect|p2b: Only Hands\n|-singleturn|p2b: Only Hands|Protect\n|move|p2a: Smolman|Rock Tomb|p1b: Donbozo\n|-activate|p1b: Donbozo|move: Protect\n|\n|-heal|p1b: Donbozo|47\/100|[from] item: Leftovers\n|upkeep\n|turn|5\n|\n|t:|1683071146\n|move|p2a: Smolman|Rock Tomb|p1b: Donbozo\n|-damage|p1b: Donbozo|36\/100\n|-unboost|p1b: Donbozo|spe|1\n|move|p1b: Donbozo|Earthquake|p2b: Only Hands|[spread] p2a,p2b\n|-miss|p1b: Donbozo|p1a: Tatsugiri\n|-resisted|p2a: Smolman\n|-supereffective|p2b: Only Hands\n|-damage|p2a: Smolman|69\/100\n|-damage|p2b: Only Hands|45\/100\n|move|p2b: Only Hands|Drain Punch|p1b: Donbozo\n|-damage|p1b: Donbozo|20\/100\n|-heal|p2b: Only Hands|53\/100|[from] drain|[of] p1b: Donbozo\n|\n|-heal|p1b: Donbozo|26\/100|[from] item: Leftovers\n|upkeep\n|turn|6\n|\n|t:|1683071159\n|move|p1b: Donbozo|Protect|p1b: Donbozo\n|-singleturn|p1b: Donbozo|Protect\n|move|p2a: Smolman|Rock Tomb|p1b: Donbozo\n|-activate|p1b: Donbozo|move: Protect\n|move|p2b: Only Hands|Swords Dance|p2b: Only Hands\n|-boost|p2b: Only Hands|atk|2\n|\n|-heal|p1b: Donbozo|32\/100|[from] item: Leftovers\n|upkeep\n|turn|7\n|\n|t:|1683071168\n|move|p2a: Smolman|Rock Tomb|p1b: Donbozo\n|-damage|p1b: Donbozo|22\/100\n|-unboost|p1b: Donbozo|spe|1\n|move|p2b: Only Hands|Drain Punch|p1b: Donbozo\n|-damage|p1b: Donbozo|0 fnt\n|-heal|p2b: Only Hands|64\/100|[from] drain|[of] p1b: Donbozo\n|faint|p1b: Donbozo\n|\n|upkeep\n|\n|t:|1683071176\n|switch|p1b: Flutter Mane|Flutter Mane, L50, shiny|100\/100\n|-enditem|p1b: Flutter Mane|Booster Energy\n|-activate|p1b: Flutter Mane|ability: Protosynthesis|[fromitem]\n|-start|p1b: Flutter Mane|protosynthesisspa\n|turn|8\n|j| jacob weedson\n|\n|t:|1683071189\n|move|p1a: Tatsugiri|Chilling Water|p2b: Only Hands\n|-damage|p2b: Only Hands|43\/100\n|move|p1b: Flutter Mane|Dazzling Gleam|p2a: Smolman|[spread] p2a,p2b\n|-supereffective|p2a: Smolman\n|-supereffective|p2b: Only Hands\n|-damage|p2a: Smolman|0 fnt\n|-damage|p2b: Only Hands|0 fnt\n|faint|p2a: Smolman\n|faint|p2b: Only Hands\n|-end|p2b: Only Hands|Quark Drive|[silent]\n|\n|win|AmongusMAster5678\n|n|\u2606AmongusMAster5678|amongusmaster5678\n|n|\u2606mafumafusimpsimp|mafumafusimpsimp\n|n| Snowstorm brute|snowstormbrute\n|n| baldafor|baldafor\n|n| WeirdPolyCouple|weirdpolycouple\n|n| jacob weedson|jacobweedson\n|c|\u2606mafumafusimpsimp|gg wpwp\n|j| 17th sylveon\n|l|\u2606mafumafusimpsimp\n|c|\u2606AmongusMAster5678|gg\n|l| Snowstorm brute\n|l| baldafor\n","uploadtime":1683071190,"views":15,"p1id":"amongusmaster5678","p2id":"mafumafusimpsimp","formatid":"gen9vgc2023regulationc","rating":0,"private":0,"password":""}