{"id":"gen9vgc2023regulationc-1864247017","p1":"WallyTryHard","p2":"Giest greninja","format":"[Gen 9] VGC 2023 Regulation C","log":"|j|\u2606WallyTryHard\n|j|\u2606Giest greninja\n|t:|1684144011\n|gametype|doubles\n|player|p1|WallyTryHard|170|\n|player|p2|Giest greninja|tate|\n|teamsize|p1|6\n|teamsize|p2|6\n|gen|9\n|tier|[Gen 9] VGC 2023 Regulation C\n|rated|Tournament battle\n|rule|Species Clause: Limit one of each Pok\u00e9mon\n|rule|Item Clause: Limit one of each item\n|clearpoke\n|poke|p1|Murkrow, L50, M|\n|poke|p1|Gholdengo, L50|\n|poke|p1|Flutter Mane, L50|\n|poke|p1|Chi-Yu, L50|\n|poke|p1|Azumarill, L50, M|\n|poke|p1|Garchomp, L50, M|\n|poke|p2|Dragonite, L50, F|\n|poke|p2|Chien-Pao, L50|\n|poke|p2|Flutter Mane, L50|\n|poke|p2|Chi-Yu, L50|\n|poke|p2|Iron Bundle, L50|\n|poke|p2|Breloom, L50, M|\n|teampreview|4\n|raw| Open Team Sheet for WallyTryHard<\/summary>Murkrow @ Eviolite Ability: Prankster Level: 50 Tera Type: Ghost - Foul Play - Tailwind - Sunny Day - Haze Gholdengo @ Sitrus Berry Ability: Good as Gold Level: 50 Tera Type: Water - Make It Rain - Shadow Ball - Nasty Plot - Protect Flutter Mane @ Focus Sash Ability: Protosynthesis Level: 50 Tera Type: Fairy - Dazzling Gleam - Shadow Ball - Imprison - Trick Room Chi-Yu @ Safety Goggles Ability: Beads of Ruin Level: 50 Tera Type: Ghost - Heat Wave - Dark Pulse - Nasty Plot - Protect Azumarill @ Life Orb Ability: Huge Power Level: 50 Shiny: Yes Tera Type: Water - Liquidation - Play Rough - Aqua Jet - Protect Garchomp @ Clear Amulet Ability: Rough Skin Level: 50 Tera Type: Fire - Earthquake - Dragon Claw - Rock Slide - Protect <\/details><\/div> Open Team Sheet for Giest greninja<\/summary>Dragonite @ Choice Band Ability: Inner Focus Level: 50 Tera Type: Normal - Extreme Speed - Earthquake - Dragon Claw - Brick Break Chien-Pao @ Focus Sash Ability: Sword of Ruin Level: 50 Tera Type: Ghost - Sacred Sword - Ice Spinner - Sucker Punch - Protect Flutter Mane @ Life Orb Ability: Protosynthesis Level: 50 Tera Type: Fairy - Shadow Ball - Moonblast - Protect - Dazzling Gleam Chi-Yu @ Choice Specs Ability: Beads of Ruin Level: 50 Tera Type: Ghost - Overheat - Snarl - Dark Pulse - Heat Wave Iron Bundle @ Booster Energy Ability: Quark Drive Level: 50 Tera Type: Ghost - Hydro Pump - Freeze-Dry - Icy Wind - Protect Breloom @ Loaded Dice Ability: Technician Level: 50 Tera Type: Fighting - Swords Dance - Mach Punch - Bullet Seed - Spore <\/details><\/div>\n|inactive|Battle timer is ON: inactive players will automatically lose when time's up. (requested by WallyTryHard)\n|c|\u2606WallyTryHard|glhf!\n|inactive|WallyTryHard has 60 seconds left.\n|\n|t:|1684144044\n|start\n|switch|p1a: Murkrow|Murkrow, L50, M|100\/100\n|switch|p1b: Chi-Yu|Chi-Yu, L50|100\/100\n|switch|p2a: Dragonite|Dragonite, L50, F|100\/100\n|switch|p2b: Chien-Pao|Chien-Pao, L50|100\/100\n|-ability|p2b: Chien-Pao|Sword of Ruin\n|-ability|p1b: Chi-Yu|Beads of Ruin\n|turn|1\n|\n|t:|1684144068\n|-terastallize|p1b: Chi-Yu|Ghost\n|-terastallize|p2a: Dragonite|Normal\n|move|p2a: Dragonite|Extreme Speed|p1a: Murkrow\n|-damage|p1a: Murkrow|0 fnt\n|faint|p1a: Murkrow\n|move|p2b: Chien-Pao|Sacred Sword|p1b: Chi-Yu\n|-immune|p1b: Chi-Yu\n|move|p1b: Chi-Yu|Heat Wave|p2b: Chien-Pao|[spread] p2a,p2b\n|-supereffective|p2b: Chien-Pao\n|-damage|p2a: Dragonite|60\/100\n|-enditem|p2b: Chien-Pao|Focus Sash\n|-damage|p2b: Chien-Pao|1\/100\n|-status|p2a: Dragonite|brn\n|\n|-damage|p2a: Dragonite|54\/100 brn|[from] brn\n|upkeep\n|\n|t:|1684144078\n|switch|p1a: Azumarill|Azumarill, L50, M, shiny|100\/100\n|turn|2\n|j| higashi no gab\n|\n|t:|1684144090\n|move|p1b: Chi-Yu|Protect|p1b: Chi-Yu\n|-singleturn|p1b: Chi-Yu|Protect\n|move|p2a: Dragonite|Extreme Speed|p1a: Azumarill\n|-damage|p1a: Azumarill|58\/100\n|move|p2b: Chien-Pao|Sucker Punch||[still]\n|-fail|p2b: Chien-Pao\n|move|p1a: Azumarill|Aqua Jet|p2b: Chien-Pao\n|-damage|p2b: Chien-Pao|0 fnt\n|faint|p2b: Chien-Pao\n|-damage|p1a: Azumarill|48\/100|[from] item: Life Orb\n|\n|-damage|p2a: Dragonite|49\/100 brn|[from] brn\n|upkeep\n|\n|t:|1684144102\n|switch|p2b: Flutter Mane|Flutter Mane, L50|100\/100\n|turn|3\n|\n|t:|1684144121\n|move|p2a: Dragonite|Extreme Speed|p1a: Azumarill\n|-damage|p1a: Azumarill|18\/100\n|move|p1a: Azumarill|Aqua Jet|p2b: Flutter Mane\n|-damage|p2b: Flutter Mane|36\/100\n|-damage|p1a: Azumarill|8\/100|[from] item: Life Orb\n|move|p2b: Flutter Mane|Shadow Ball|p1b: Chi-Yu\n|-supereffective|p1b: Chi-Yu\n|-damage|p1b: Chi-Yu|0 fnt\n|faint|p1b: Chi-Yu\n|-damage|p2b: Flutter Mane|27\/100|[from] item: Life Orb\n|\n|-damage|p2a: Dragonite|43\/100 brn|[from] brn\n|upkeep\n|\n|t:|1684144130\n|switch|p1b: Garchomp|Garchomp, L50, M|100\/100\n|turn|4\n|\n|t:|1684144143\n|move|p1a: Azumarill|Protect|p1a: Azumarill\n|-singleturn|p1a: Azumarill|Protect\n|move|p2a: Dragonite|Extreme Speed|p1a: Azumarill\n|-activate|p1a: Azumarill|move: Protect\n|move|p2b: Flutter Mane|Moonblast|p1b: Garchomp\n|-supereffective|p1b: Garchomp\n|-damage|p1b: Garchomp|0 fnt\n|faint|p1b: Garchomp\n|-damage|p2b: Flutter Mane|17\/100|[from] item: Life Orb\n|\n|-damage|p2a: Dragonite|37\/100 brn|[from] brn\n|upkeep\n|turn|5\n|c|\u2606WallyTryHard|gg\n|c|\u2606Giest greninja|Gg\n|\n|t:|1684144163\n|move|p2a: Dragonite|Extreme Speed|p1a: Azumarill\n|-damage|p1a: Azumarill|0 fnt\n|faint|p1a: Azumarill\n|\n|win|Giest greninja\n|n|\u2606WallyTryHard|wallytryhard\n|n|\u2606Giest greninja|giestgreninja\n|n| higashi no gab|higashinogab\n","uploadtime":1684144167,"views":21,"p1id":"wallytryhard","p2id":"giestgreninja","formatid":"gen9vgc2023regulationc","rating":0,"private":0,"password":""}