{"id":"gen9vgc2023regulationc-1848203829","p1":"FissueGaming","p2":"PiscoFGT","format":"[Gen 9] VGC 2023 Regulation C","log":"|j|\u2606FissueGaming\n|j|\u2606PiscoFGT\n|t:|1682042076\n|gametype|doubles\n|player|p1|FissueGaming|1|1380\n|player|p2|PiscoFGT|lucas|1389\n|teamsize|p1|6\n|teamsize|p2|6\n|gen|9\n|tier|[Gen 9] VGC 2023 Regulation C\n|rated|\n|rule|Species Clause: Limit one of each Pok\u00e9mon\n|rule|Item Clause: Limit one of each item\n|clearpoke\n|poke|p1|Wo-Chien, L50|\n|poke|p1|Chi-Yu, L50|\n|poke|p1|Iron Bundle, L50|\n|poke|p1|Great Tusk, L50|\n|poke|p1|Quaquaval, L50, M|\n|poke|p1|Iron Thorns, L50|\n|poke|p2|Abomasnow, L50, M|\n|poke|p2|Iron Bundle, L50|\n|poke|p2|Scream Tail, L50|\n|poke|p2|Gyarados, L50, F|\n|poke|p2|Iron Hands, L50|\n|poke|p2|Garchomp, L50, M|\n|teampreview|4\n|inactive|Battle timer is ON: inactive players will automatically lose when time's up. (requested by PiscoFGT)\n|inactive|FissueGaming has 60 seconds left.\n|inactive|PiscoFGT has 60 seconds left.\n|inactive|FissueGaming has 30 seconds left.\n|inactive|FissueGaming has 20 seconds left.\n|inactive|FissueGaming has 15 seconds left.\n|\n|t:|1682042152\n|start\n|switch|p1a: Iron Bundle|Iron Bundle, L50|100\/100\n|switch|p1b: Chi-Yu|Chi-Yu, L50|100\/100\n|switch|p2a: Abomasnow|Abomasnow, L50, M|100\/100\n|switch|p2b: Gyarados|Gyarados, L50, F, shiny|100\/100\n|-ability|p1b: Chi-Yu|Beads of Ruin\n|-ability|p2b: Gyarados|Intimidate|boost\n|-unboost|p1a: Iron Bundle|atk|1\n|-unboost|p1b: Chi-Yu|atk|1\n|-weather|Snow|[from] ability: Snow Warning|[of] p2a: Abomasnow\n|-enditem|p1a: Iron Bundle|Booster Energy\n|-activate|p1a: Iron Bundle|ability: Quark Drive|[fromitem]\n|-start|p1a: Iron Bundle|quarkdrivespe\n|turn|1\n|inactive|FissueGaming has 30 seconds left.\n|\n|t:|1682042185\n|-terastallize|p1b: Chi-Yu|Grass\n|-terastallize|p2b: Gyarados|Steel\n|move|p1a: Iron Bundle|Freeze-Dry|p2b: Gyarados\n|-resisted|p2b: Gyarados\n|-damage|p2b: Gyarados|79\/100\n|move|p1b: Chi-Yu|Dark Pulse|p2a: Abomasnow\n|-damage|p2a: Abomasnow|14\/100\n|move|p2b: Gyarados|Thunder Wave|p1b: Chi-Yu\n|-status|p1b: Chi-Yu|par\n|move|p2a: Abomasnow|Giga Drain|p1a: Iron Bundle\n|-supereffective|p1a: Iron Bundle\n|-damage|p1a: Iron Bundle|0 fnt\n|-heal|p2a: Abomasnow|47\/100|[from] drain|[of] p1a: Iron Bundle\n|faint|p1a: Iron Bundle\n|-end|p1a: Iron Bundle|Quark Drive|[silent]\n|\n|-weather|Snow|[upkeep]\n|-heal|p2b: Gyarados|85\/100|[from] item: Leftovers\n|upkeep\n|\n|t:|1682042199\n|switch|p1a: Iron Thorns|Iron Thorns, L50|100\/100\n|turn|2\n|\n|t:|1682042222\n|move|p2b: Gyarados|Waterfall|p1a: Iron Thorns\n|-supereffective|p1a: Iron Thorns\n|-damage|p1a: Iron Thorns|42\/100\n|move|p1a: Iron Thorns|Rock Blast|p2a: Abomasnow\n|-supereffective|p2a: Abomasnow\n|-damage|p2a: Abomasnow|23\/100\n|-supereffective|p2a: Abomasnow\n|-damage|p2a: Abomasnow|0 fnt\n|faint|p2a: Abomasnow\n|-hitcount|p2: Abomasnow|2\n|move|p1b: Chi-Yu|Dark Pulse|p2b: Gyarados\n|-damage|p2b: Gyarados|10\/100\n|\n|-weather|Snow|[upkeep]\n|-heal|p2b: Gyarados|16\/100|[from] item: Leftovers\n|upkeep\n|\n|t:|1682042235\n|switch|p2a: Iron Bundle|Iron Bundle, L50, shiny|100\/100\n|turn|3\n|\n|t:|1682042250\n|-end|p1a: Iron Thorns|Quark Drive|[silent]\n|switch|p1a: Wo-Chien|Wo-Chien, L50|100\/100\n|-ability|p1a: Wo-Chien|Tablets of Ruin\n|move|p2a: Iron Bundle|Blizzard|p1a: Wo-Chien|[spread] p1a,p1b\n|-supereffective|p1a: Wo-Chien\n|-supereffective|p1b: Chi-Yu\n|-damage|p1a: Wo-Chien|15\/100\n|-damage|p1b: Chi-Yu|0 fnt\n|faint|p1b: Chi-Yu\n|-damage|p2a: Iron Bundle|91\/100|[from] item: Life Orb\n|move|p2b: Gyarados|Waterfall|p1a: Wo-Chien\n|-resisted|p1a: Wo-Chien\n|-damage|p1a: Wo-Chien|2\/100\n|\n|-weather|Snow|[upkeep]\n|-heal|p2b: Gyarados|22\/100|[from] item: Leftovers\n|-heal|p1a: Wo-Chien|8\/100|[from] item: Leftovers\n|upkeep\n|-message|FissueGaming forfeited.\n|\n|win|PiscoFGT\n|raw|FissueGaming's rating: 1380 → 1361<\/strong> (-19 for losing)\n|raw|PiscoFGT's rating: 1389 → 1408<\/strong> (+19 for winning)\n|l|\u2606FissueGaming\n","uploadtime":1682042371,"views":8,"p1id":"fissuegaming","p2id":"piscofgt","formatid":"gen9vgc2023regulationc","rating":1361,"private":0,"password":""}