{"id":"gen9vgc2023regulationc-1855913178","p1":"Namelis","p2":"Alonso26ca","format":"[Gen 9] VGC 2023 Regulation C","log":"|j|\u2606Namelis\n|j|\u2606Alonso26ca\n|t:|1682999728\n|gametype|doubles\n|player|p1|Namelis|shadowtriad|\n|player|p2|Alonso26ca|n|\n|teamsize|p1|6\n|teamsize|p2|6\n|gen|9\n|tier|[Gen 9] VGC 2023 Regulation C\n|rule|Species Clause: Limit one of each Pok\u00e9mon\n|rule|Item Clause: Limit one of each item\n|clearpoke\n|poke|p1|Gengar, L50, F|\n|poke|p1|Rotom-Wash, L50|\n|poke|p1|Great Tusk, L50|\n|poke|p1|Raichu, L50, M|\n|poke|p1|Staraptor, L50, F|\n|poke|p1|Garchomp, L50, M|\n|poke|p2|Dragonite, L50, F|\n|poke|p2|Great Tusk, L50|\n|poke|p2|Torkoal, L50, F|\n|poke|p2|Annihilape, L50, M|\n|poke|p2|Garchomp, L50, M|\n|poke|p2|Gengar, L50, F|\n|teampreview|4\n|inactive|Battle timer is ON: inactive players will automatically lose when time's up. (requested by Namelis)\n|inactive|Alonso26ca also wants the timer to be on.\n|inactive|Alonso26ca no longer wants the timer on, but the timer is staying on because namelis still does.\n|inactive|Namelis has 60 seconds left.\n|inactive|Alonso26ca has 60 seconds left.\n|\n|t:|1682999784\n|start\n|switch|p1a: Staraptor|Staraptor, L50, F|100\/100\n|switch|p1b: Great Tusk|Great Tusk, L50|100\/100\n|switch|p2a: Torkoal|Torkoal, L50, F|100\/100\n|switch|p2b: Annihilape|Annihilape, L50, M|100\/100\n|-weather|SunnyDay|[from] ability: Drought|[of] p2a: Torkoal\n|-activate|p1b: Great Tusk|ability: Protosynthesis\n|-start|p1b: Great Tusk|protosynthesisatk\n|turn|1\n|j| buenocomoeloro\n|\n|t:|1682999809\n|switch|p2a: Great Tusk|Great Tusk, L50|100\/100\n|-activate|p2a: Great Tusk|ability: Protosynthesis\n|-start|p2a: Great Tusk|protosynthesisatk\n|move|p1b: Great Tusk|Headlong Rush|p2a: Great Tusk\n|-crit|p2a: Great Tusk\n|-damage|p2a: Great Tusk|10\/100\n|-unboost|p1b: Great Tusk|def|1\n|-unboost|p1b: Great Tusk|spd|1\n|move|p1a: Staraptor|Brave Bird|p2b: Annihilape\n|-supereffective|p2b: Annihilape\n|-damage|p2b: Annihilape|0 fnt\n|faint|p2b: Annihilape\n|-damage|p1a: Staraptor|56\/100|[from] Recoil\n|\n|-weather|SunnyDay|[upkeep]\n|upkeep\n|\n|t:|1682999821\n|switch|p2b: Dragonite|Dragonite, L50, F|100\/100\n|turn|2\n|\n|t:|1682999838\n|-terastallize|p2b: Dragonite|Flying\n|move|p2a: Great Tusk|Protect|p2a: Great Tusk\n|-singleturn|p2a: Great Tusk|Protect\n|move|p1b: Great Tusk|Headlong Rush|p2a: Great Tusk\n|-activate|p2a: Great Tusk|move: Protect\n|move|p1a: Staraptor|Brave Bird|p2b: Dragonite\n|-damage|p2b: Dragonite|0 fnt\n|faint|p2b: Dragonite\n|-damage|p1a: Staraptor|16\/100|[from] Recoil\n|\n|-weather|SunnyDay|[upkeep]\n|upkeep\n|\n|t:|1682999849\n|switch|p2b: Torkoal|Torkoal, L50, F|100\/100\n|turn|3\n|\n|t:|1682999862\n|switch|p1a: Garchomp|Garchomp, L50, M|100\/100\n|move|p1b: Great Tusk|Headlong Rush|p2b: Torkoal\n|-supereffective|p2b: Torkoal\n|-damage|p2b: Torkoal|0 fnt\n|-unboost|p1b: Great Tusk|def|1\n|-unboost|p1b: Great Tusk|spd|1\n|faint|p2b: Torkoal\n|move|p2a: Great Tusk|Headlong Rush|p1b: Great Tusk\n|-damage|p1b: Great Tusk|0 fnt\n|-unboost|p2a: Great Tusk|def|1\n|-unboost|p2a: Great Tusk|spd|1\n|faint|p1b: Great Tusk\n|-end|p1b: Great Tusk|Protosynthesis|[silent]\n|\n|-weather|SunnyDay|[upkeep]\n|upkeep\n|\n|t:|1682999867\n|switch|p1b: Gengar|Gengar, L50, F|100\/100\n|turn|4\n|\n|t:|1682999874\n|-terastallize|p1b: Gengar|Fairy\n|move|p1b: Gengar|Dazzling Gleam|p2a: Great Tusk\n|-supereffective|p2a: Great Tusk\n|-damage|p2a: Great Tusk|0 fnt\n|faint|p2a: Great Tusk\n|-end|p2a: Great Tusk|Protosynthesis|[silent]\n|\n|win|Namelis\n|l|\u2606Namelis\n","uploadtime":1682999877,"views":10,"p1id":"namelis","p2id":"alonso26ca","formatid":"gen9vgc2023regulationc","rating":0,"private":0,"password":""}