{"id":"gen9vgc2023regulationc-1863099794","p1":"haha you rage quit","p2":"abcdofsIIIII","format":"[Gen 9] VGC 2023 Regulation C","log":"|j|\u2606haha you rage quit\n|j|\u2606abcdofsIIIII\n|t:|1683969820\n|gametype|doubles\n|player|p1|haha you rage quit|pokemaniac|1136\n|player|p2|abcdofsIIIII|169|1128\n|teamsize|p1|6\n|teamsize|p2|6\n|gen|9\n|tier|[Gen 9] VGC 2023 Regulation C\n|rated|\n|rule|Species Clause: Limit one of each Pok\u00e9mon\n|rule|Item Clause: Limit one of each item\n|clearpoke\n|poke|p1|Hatterene, L50, F|\n|poke|p1|Armarouge, L50, M|\n|poke|p1|Indeedee-F, L50, F|\n|poke|p1|Torkoal, L50, M|\n|poke|p1|Kingambit, L50, M|\n|poke|p1|Annihilape, L50, M|\n|poke|p2|Zangoose, L50, F|\n|poke|p2|Espathra, L50, F|\n|poke|p2|Salazzle, L50, F|\n|poke|p2|Annihilape, L50, M|\n|poke|p2|Gholdengo, L50|\n|poke|p2|Dragapult, L50, M|\n|teampreview|4\n|inactive|Battle timer is ON: inactive players will automatically lose when time's up. (requested by abcdofsIIIII)\n|\n|t:|1683969861\n|start\n|switch|p1a: Indeedee|Indeedee-F, L50, F, shiny|100\/100\n|switch|p1b: Annihilape|Annihilape, L50, M|100\/100\n|switch|p2a: what am i|Salazzle, L50, F|100\/100\n|switch|p2b: i shoot children|Dragapult, L50, M|100\/100\n|-item|p2a: what am i|Air Balloon\n|-fieldstart|move: Psychic Terrain|[from] ability: Psychic Surge|[of] p1a: Indeedee\n|-enditem|p1a: Indeedee|Psychic Seed\n|-boost|p1a: Indeedee|spd|1|[from] item: Psychic Seed\n|turn|1\n|inactive|haha you rage quit has 30 seconds left.\n|inactive|abcdofsIIIII has 30 seconds left.\n|\n|t:|1683969888\n|move|p1a: Indeedee|Protect|p1a: Indeedee\n|-singleturn|p1a: Indeedee|Protect\n|move|p1b: Annihilape|Rage Fist|p2b: i shoot children\n|-supereffective|p2b: i shoot children\n|-damage|p2b: i shoot children|40\/100\n|move|p2b: i shoot children|Shadow Ball|p1b: Annihilape\n|-supereffective|p1b: Annihilape\n|-damage|p1b: Annihilape|14\/100\n|move|p2a: what am i|Toxic|p1b: Annihilape\n|-status|p1b: Annihilape|tox\n|\n|-damage|p1b: Annihilape|8\/100 tox|[from] psn\n|upkeep\n|turn|2\n|\n|t:|1683969912\n|move|p1b: Annihilape|Rage Fist|p2a: what am i\n|-damage|p2a: what am i|37\/100\n|-enditem|p2a: what am i|Air Balloon\n|move|p2b: i shoot children|Shadow Ball|p1b: Annihilape\n|-supereffective|p1b: Annihilape\n|-damage|p1b: Annihilape|0 fnt\n|faint|p1b: Annihilape\n|move|p2a: what am i|Toxic|p1a: Indeedee\n|-status|p1a: Indeedee|tox\n|move|p1a: Indeedee|Trick Room|p1a: Indeedee\n|-fieldstart|move: Trick Room|[of] p1a: Indeedee\n|\n|-damage|p1a: Indeedee|94\/100 tox|[from] psn\n|upkeep\n|\n|t:|1683969936\n|switch|p1b: Torkoal|Torkoal, L50, M|100\/100\n|-weather|SunnyDay|[from] ability: Drought|[of] p1b: Torkoal\n|turn|3\n|\n|t:|1683969950\n|move|p1a: Indeedee|Helping Hand|p1b: Torkoal\n|-singleturn|p1b: Torkoal|Helping Hand|[of] p1a: Indeedee\n|move|p1b: Torkoal|Eruption|p2b: i shoot children|[spread] p2a,p2b\n|-resisted|p2a: what am i\n|-resisted|p2b: i shoot children\n|-damage|p2a: what am i|0 fnt\n|-damage|p2b: i shoot children|0 fnt\n|faint|p2a: what am i\n|faint|p2b: i shoot children\n|\n|-weather|SunnyDay|[upkeep]\n|-damage|p1a: Indeedee|82\/100 tox|[from] psn\n|upkeep\n|\n|t:|1683969958\n|switch|p2a: Bad hair day|Annihilape, L50, M|100\/100\n|switch|p2b: Noodle hair|Gholdengo, L50|100\/100\n|turn|4\n|\n|t:|1683969974\n|-terastallize|p2b: Noodle hair|Fairy\n|move|p1a: Indeedee|Helping Hand|p1b: Torkoal\n|-singleturn|p1b: Torkoal|Helping Hand|[of] p1a: Indeedee\n|move|p1b: Torkoal|Eruption|p2b: Noodle hair|[spread] p2a,p2b\n|-damage|p2a: Bad hair day|0 fnt\n|-damage|p2b: Noodle hair|0 fnt\n|faint|p2a: Bad hair day\n|faint|p2b: Noodle hair\n|\n|win|haha you rage quit\n|raw|haha you rage quit's rating: 1136 → 1160<\/strong> (+24 for winning)\n|raw|abcdofsIIIII's rating: 1128 → 1104<\/strong> (-24 for losing)\n|l|\u2606abcdofsIIIII\n","uploadtime":1683969992,"views":9,"p1id":"hahayouragequit","p2id":"abcdofsiiiii","formatid":"gen9vgc2023regulationc","rating":1104,"private":0,"password":""}