{"id":"gen9vgc2023regulationc-1844957293","p1":"veezilla","p2":"Hydrangea_XS","format":"[Gen 9] VGC 2023 Regulation C","log":"|j|\u2606veezilla\n|j|\u2606Hydrangea_XS\n|t:|1681668088\n|gametype|doubles\n|player|p1|veezilla|klara|1406\n|player|p2|Hydrangea_XS|265|1397\n|teamsize|p1|6\n|teamsize|p2|6\n|gen|9\n|tier|[Gen 9] VGC 2023 Regulation C\n|rated|\n|rule|Species Clause: Limit one of each Pok\u00e9mon\n|rule|Item Clause: Limit one of each item\n|clearpoke\n|poke|p1|Dragonite, L50, F|\n|poke|p1|Chien-Pao, L50|\n|poke|p1|Flutter Mane, L50|\n|poke|p1|Chi-Yu, L50|\n|poke|p1|Dondozo, L50, F|\n|poke|p1|Tatsugiri-Droopy, L50, M|\n|poke|p2|Lilligant, L50, F|\n|poke|p2|Torkoal, L50, F|\n|poke|p2|Flutter Mane, L50|\n|poke|p2|Kingambit, L50, F|\n|poke|p2|Dragonite, L50, F|\n|poke|p2|Great Tusk, L50|\n|teampreview|4\n|inactive|Battle timer is ON: inactive players will automatically lose when time's up. (requested by veezilla)\n|\n|t:|1681668094\n|start\n|switch|p1a: Amity|Flutter Mane, L50|100\/100\n|switch|p1b: Luz|Chi-Yu, L50|100\/100\n|switch|p2a: Breakthrough|Torkoal, L50, F, shiny|100\/100\n|switch|p2b: TT|Lilligant, L50, F, shiny|100\/100\n|-ability|p1b: Luz|Beads of Ruin\n|-weather|SunnyDay|[from] ability: Drought|[of] p2a: Breakthrough\n|-activate|p1a: Amity|ability: Protosynthesis\n|-start|p1a: Amity|protosynthesisspe\n|turn|1\n|\n|t:|1681668108\n|-terastallize|p1a: Amity|Fire\n|-terastallize|p2a: Breakthrough|Fire\n|move|p2b: TT|After You|p2a: Breakthrough\n|-activate|p2a: Breakthrough|move: After You\n|move|p2a: Breakthrough|Eruption|p1b: Luz|[spread] p1a,p1b\n|-resisted|p1a: Amity\n|-resisted|p1b: Luz\n|-damage|p1a: Amity|32\/100\n|-damage|p1b: Luz|38\/100\n|move|p1a: Amity|Power Gem|p2a: Breakthrough\n|-supereffective|p2a: Breakthrough\n|-damage|p2a: Breakthrough|0 fnt\n|faint|p2a: Breakthrough\n|move|p1b: Luz|Heat Wave|p2b: TT\n|-supereffective|p2b: TT\n|-enditem|p2b: TT|Focus Sash\n|-damage|p2b: TT|1\/100\n|\n|-weather|SunnyDay|[upkeep]\n|upkeep\n|\n|t:|1681668120\n|switch|p2a: Trouble|Great Tusk, L50, shiny|100\/100\n|-activate|p2a: Trouble|ability: Protosynthesis\n|-start|p2a: Trouble|protosynthesisatk\n|turn|2\n|\n|t:|1681668126\n|switch|p2b: Espresso|Dragonite, L50, F|100\/100\n|move|p1a: Amity|Dazzling Gleam|p2a: Trouble|[spread] p2a,p2b\n|-supereffective|p2a: Trouble\n|-supereffective|p2b: Espresso\n|-damage|p2a: Trouble|0 fnt\n|-damage|p2b: Espresso|59\/100\n|faint|p2a: Trouble\n|-end|p2a: Trouble|Protosynthesis|[silent]\n|move|p1b: Luz|Heat Wave|p2b: Espresso\n|-resisted|p2b: Espresso\n|-damage|p2b: Espresso|14\/100\n|\n|-weather|SunnyDay|[upkeep]\n|upkeep\n|\n|t:|1681668133\n|switch|p2a: TT|Lilligant, L50, F, shiny|1\/100\n|turn|3\n|\n|t:|1681668140\n|move|p2b: Espresso|Extreme Speed|p1a: Amity\n|-damage|p1a: Amity|0 fnt\n|faint|p1a: Amity\n|-end|p1a: Amity|Protosynthesis|[silent]\n|move|p2a: TT|Leaf Storm|p1b: Luz\n|-resisted|p1b: Luz\n|-damage|p1b: Luz|3\/100\n|-unboost|p2a: TT|spa|2\n|move|p1b: Luz|Heat Wave|p2a: TT|[spread] p2a,p2b\n|-supereffective|p2a: TT\n|-resisted|p2b: Espresso\n|-damage|p2a: TT|0 fnt\n|-damage|p2b: Espresso|0 fnt\n|faint|p2a: TT\n|faint|p2b: Espresso\n|\n|win|veezilla\n|raw|veezilla's rating: 1406 → 1425<\/strong> (+19 for winning)\n|raw|Hydrangea_XS's rating: 1397 → 1378<\/strong> (-19 for losing)\n|l|\u2606Hydrangea_XS\n","uploadtime":1681668159,"views":7,"p1id":"veezilla","p2id":"hydrangeaxs","formatid":"gen9vgc2023regulationc","rating":1378,"private":0,"password":""}