{"id":"gen9vgc2023regulationc-1847578718","p1":"fyfyy","p2":"pupulovessixsheep","format":"[Gen 9] VGC 2023 Regulation C","log":"|j|\u2606fyfyy\n|j|\u2606pupulovessixsheep\n|t:|1681976596\n|gametype|doubles\n|player|p1|fyfyy|101|1353\n|player|p2|pupulovessixsheep|265|1306\n|teamsize|p1|6\n|teamsize|p2|6\n|gen|9\n|tier|[Gen 9] VGC 2023 Regulation C\n|rated|\n|rule|Species Clause: Limit one of each Pok\u00e9mon\n|rule|Item Clause: Limit one of each item\n|clearpoke\n|poke|p1|Palafin, L50, F|\n|poke|p1|Arcanine, L50, F|\n|poke|p1|Amoonguss, L50, F|\n|poke|p1|Chien-Pao, L50|\n|poke|p1|Flutter Mane, L50|\n|poke|p1|Kingambit, L50, F|\n|poke|p2|Talonflame, L50, M|\n|poke|p2|Chi-Yu, L50|\n|poke|p2|Flutter Mane, L50|\n|poke|p2|Amoonguss, L50, F|\n|poke|p2|Tyranitar, L50, F|\n|poke|p2|Houndstone, L50, M|\n|teampreview|4\n|inactive|Battle timer is ON: inactive players will automatically lose when time's up. (requested by pupulovessixsheep)\n|\n|t:|1681976620\n|start\n|switch|p1a: Chien-Pao|Chien-Pao, L50|100\/100\n|switch|p1b: Palafin|Palafin, L50, F|100\/100\n|switch|p2a: Chi-Yu|Chi-Yu, L50|100\/100\n|switch|p2b: Flutter Mane|Flutter Mane, L50|100\/100\n|-ability|p2a: Chi-Yu|Beads of Ruin\n|-ability|p1a: Chien-Pao|Sword of Ruin\n|-enditem|p2b: Flutter Mane|Booster Energy\n|-activate|p2b: Flutter Mane|ability: Protosynthesis|[fromitem]\n|-start|p2b: Flutter Mane|protosynthesisspa\n|turn|1\n|inactive|fyfyy has 30 seconds left.\n|inactive|pupulovessixsheep has 30 seconds left.\n|\n|t:|1681976654\n|detailschange|p1b: Palafin|Palafin-Hero, L50, F\n|switch|p1b: Arcanine|Arcanine, L50, F|100\/100\n|-ability|p1b: Arcanine|Intimidate|boost\n|-unboost|p2a: Chi-Yu|atk|1\n|-unboost|p2b: Flutter Mane|atk|1\n|-terastallize|p2b: Flutter Mane|Fairy\n|move|p2a: Chi-Yu|Heat Wave|p1a: Chien-Pao|[spread] p1a,p1b\n|-supereffective|p1a: Chien-Pao\n|-resisted|p1b: Arcanine\n|-enditem|p1a: Chien-Pao|Focus Sash\n|-damage|p1a: Chien-Pao|1\/100\n|-damage|p1b: Arcanine|69\/100\n|move|p1a: Chien-Pao|Sacred Sword|p2a: Chi-Yu\n|-supereffective|p2a: Chi-Yu\n|-damage|p2a: Chi-Yu|0 fnt\n|faint|p2a: Chi-Yu\n|move|p2b: Flutter Mane|Dazzling Gleam|p1b: Arcanine|[spread] p1a,p1b\n|-supereffective|p1a: Chien-Pao\n|-resisted|p1b: Arcanine\n|-damage|p1a: Chien-Pao|0 fnt\n|-damage|p1b: Arcanine|29\/100\n|faint|p1a: Chien-Pao\n|\n|upkeep\n|\n|t:|1681976674\n|switch|p1a: Palafin|Palafin-Hero, L50, F|100\/100\n|switch|p2a: Amoonguss|Amoonguss, L50, F|100\/100\n|-activate|p1a: Palafin|ability: Zero to Hero\n|turn|2\n|\n|t:|1681976688\n|-terastallize|p1a: Palafin|Water\n|move|p2a: Amoonguss|Rage Powder|p2a: Amoonguss\n|-singleturn|p2a: Amoonguss|move: Rage Powder\n|move|p1a: Palafin|Jet Punch|p2a: Amoonguss\n|-resisted|p2a: Amoonguss\n|-damage|p2a: Amoonguss|76\/100\n|move|p2b: Flutter Mane|Dazzling Gleam|p1a: Palafin|[spread] p1a,p1b\n|-resisted|p1b: Arcanine\n|-damage|p1a: Palafin|39\/100\n|-damage|p1b: Arcanine|0 fnt\n|faint|p1b: Arcanine\n|\n|-heal|p2a: Amoonguss|81\/100|[from] item: Leftovers\n|upkeep\n|\n|t:|1681976694\n|switch|p1b: Kingambit|Kingambit, L50, F|100\/100\n|turn|3\n|\n|t:|1681976710\n|move|p2a: Amoonguss|Rage Powder|p2a: Amoonguss\n|-singleturn|p2a: Amoonguss|move: Rage Powder\n|move|p2b: Flutter Mane|Dazzling Gleam|p1b: Kingambit|[spread] p1a,p1b\n|-damage|p1a: Palafin|0 fnt\n|-damage|p1b: Kingambit|39\/100\n|faint|p1a: Palafin\n|move|p1b: Kingambit|Kowtow Cleave|p2a: Amoonguss\n|-damage|p2a: Amoonguss|36\/100\n|\n|-heal|p2a: Amoonguss|42\/100|[from] item: Leftovers\n|upkeep\n|turn|4\n|-message|fyfyy forfeited.\n|\n|win|pupulovessixsheep\n|raw|fyfyy's rating: 1329 → 1308<\/strong> (-21 for losing)\n|raw|pupulovessixsheep's rating: 1306 → 1327<\/strong> (+21 for winning)\n|l|\u2606fyfyy\n","uploadtime":1681976730,"views":8,"p1id":"fyfyy","p2id":"pupulovessixsheep","formatid":"gen9vgc2023regulationc","rating":1308,"private":0,"password":""}