{"id":"gen9vgc2023regulationc-1846806489","p1":"Hwodyyyy","p2":"newtypecowboy","format":"[Gen 9] VGC 2023 Regulation C","log":"|j|\u2606Hwodyyyy\n|j|\u2606newtypecowboy\n|t:|1681882645\n|gametype|doubles\n|player|p1|Hwodyyyy|266|1000\n|player|p2|newtypecowboy|266|1000\n|teamsize|p1|6\n|teamsize|p2|6\n|gen|9\n|tier|[Gen 9] VGC 2023 Regulation C\n|rated|\n|rule|Species Clause: Limit one of each Pok\u00e9mon\n|rule|Item Clause: Limit one of each item\n|clearpoke\n|poke|p1|Dragonite, L50, F|\n|poke|p1|Palafin, L50, M|\n|poke|p1|Brute Bonnet, L50|\n|poke|p1|Flutter Mane, L50|\n|poke|p1|Arcanine, L50, F|\n|poke|p1|Scizor, L50, F|\n|poke|p2|Chi-Yu, L50|\n|poke|p2|Dachsbun, L50, F|\n|poke|p2|Flutter Mane, L50|\n|poke|p2|Torkoal, L50, F|\n|poke|p2|Lilligant, L50, F|\n|poke|p2|Coalossal, L50, F|\n|teampreview|4\nHwodyyyy rejected open team sheets.\n|\n|t:|1681882728\n|start\n|switch|p1a: Palafin|Palafin, L50, M, shiny|100\/100\n|switch|p1b: Scizor|Scizor, L50, F, shiny|100\/100\n|switch|p2a: Chi-Yu|Chi-Yu, L50|100\/100\n|switch|p2b: Coalossal|Coalossal, L50, F|100\/100\n|-ability|p2a: Chi-Yu|Beads of Ruin\n|turn|1\n|\n|t:|1681882772\n|detailschange|p1a: Palafin|Palafin-Hero, L50, M, shiny\n|switch|p1a: Dragonite|Dragonite, L50, F, shiny|100\/100\n|switch|p1b: Flutter Mane|Flutter Mane, L50, shiny|100\/100\n|-terastallize|p2b: Coalossal|Normal\n|move|p2a: Chi-Yu|Lava Plume|p1b: Flutter Mane|[spread] p2b,p1a,p1b\n|-resisted|p1a: Dragonite\n|-damage|p2b: Coalossal|64\/100\n|-damage|p1a: Dragonite|95\/100\n|-damage|p1b: Flutter Mane|56\/100\n|-status|p2b: Coalossal|brn\n|-ability|p2b: Coalossal|Steam Engine|boost\n|-boost|p2b: Coalossal|spe|6\n|move|p2b: Coalossal|Explosion|p1a: Dragonite|[spread] p2a,p1a\n|-immune|p1b: Flutter Mane\n|-damage|p2a: Chi-Yu|2\/100\n|-damage|p1a: Dragonite|37\/100\n|faint|p2b: Coalossal\n|\n|upkeep\n|inactive|Battle timer is ON: inactive players will automatically lose when time's up. (requested by Hwodyyyy)\n|\n|t:|1681882806\n|switch|p2b: Dachsbun|Dachsbun, L50, F|100\/100\n|turn|2\n|\n|t:|1681882822\n|-end|p1b: Flutter Mane|Protosynthesis|[silent]\n|switch|p1b: Scizor|Scizor, L50, F, shiny|100\/100\n|move|p2a: Chi-Yu|Lava Plume|p1a: Dragonite|[spread] p1a,p1b\n|-ability|p2b: Dachsbun|Well-Baked Body|boost\n|-boost|p2b: Dachsbun|def|2\n|-resisted|p1a: Dragonite\n|-supereffective|p1b: Scizor\n|-damage|p1a: Dragonite|24\/100\n|-damage|p1b: Scizor|0 fnt\n|faint|p1b: Scizor\n|move|p2b: Dachsbun|Yawn|p1a: Dragonite\n|-start|p1a: Dragonite|move: Yawn|[of] p2b: Dachsbun\n|move|p1a: Dragonite|Earthquake|p2a: Chi-Yu|[spread] p2a,p2b\n|-supereffective|p2a: Chi-Yu\n|-damage|p2a: Chi-Yu|0 fnt\n|-damage|p2b: Dachsbun|87\/100\n|faint|p2a: Chi-Yu\n|\n|-heal|p2b: Dachsbun|93\/100|[from] item: Leftovers\n|upkeep\n|\n|t:|1681882840\n|switch|p2a: Flutter Mane|Flutter Mane, L50|100\/100\n|switch|p1b: Palafin|Palafin-Hero, L50, M, shiny|100\/100\n|-activate|p1b: Palafin|ability: Zero to Hero\n|turn|3\n|inactive|Hwodyyyy has 30 seconds left.\n|inactive|newtypecowboy has 30 seconds left.\n|inactive|Hwodyyyy has 20 seconds left.\n|inactive|newtypecowboy has 20 seconds left.\n|inactive|Hwodyyyy has 15 seconds left.\n|\n|t:|1681882881\n|switch|p1a: Flutter Mane|Flutter Mane, L50, shiny|56\/100\n|-terastallize|p1b: Palafin|Water\n|move|p1b: Palafin|Jet Punch|p2a: Flutter Mane\n|-damage|p2a: Flutter Mane|0 fnt\n|faint|p2a: Flutter Mane\n|-end|p2a: Flutter Mane|Protosynthesis|[silent]\n|move|p2b: Dachsbun|Body Press|p1b: Palafin\n|-damage|p1b: Palafin|48\/100\n|\n|-heal|p2b: Dachsbun|99\/100|[from] item: Leftovers\n|upkeep\n|turn|4\n|-message|newtypecowboy forfeited.\n|\n|win|Hwodyyyy\n|raw|Hwodyyyy's rating: 1000 → 1040<\/strong> (+40 for winning)\n|raw|newtypecowboy's rating: 1000 → 1000<\/strong> (+0 for losing)\n|l|\u2606newtypecowboy\n","uploadtime":1681882924,"views":9,"p1id":"hwodyyyy","p2id":"newtypecowboy","formatid":"gen9vgc2023regulationc","rating":1000,"private":0,"password":""}