{"id":"gen9vgc2023regulationc-1849665166","p1":"jungnyang2","p2":"Jakepaulyt","format":"[Gen 9] VGC 2023 Regulation C","log":"|j|\u2606jungnyang2\n|j|\u2606Jakepaulyt\n|t:|1682228264\n|gametype|doubles\n|player|p1|jungnyang2|dawn|1057\n|player|p2|Jakepaulyt|266|1031\n|teamsize|p1|6\n|teamsize|p2|4\n|gen|9\n|tier|[Gen 9] VGC 2023 Regulation C\n|rated|\n|rule|Species Clause: Limit one of each Pok\u00e9mon\n|rule|Item Clause: Limit one of each item\n|clearpoke\n|poke|p1|Talonflame, L50, M|\n|poke|p1|Gyarados, L50, F|\n|poke|p1|Garchomp, L50, M|\n|poke|p1|Flutter Mane, L50|\n|poke|p1|Chi-Yu, L50|\n|poke|p1|Amoonguss, L50, M|\n|poke|p2|Sudowoodo, L50, F|\n|poke|p2|Jolteon, L50, M|\n|poke|p2|Noivern, L50, F|\n|poke|p2|Ralts, L50, F|\n|teampreview|4\n|inactive|Battle timer is ON: inactive players will automatically lose when time's up. (requested by Jakepaulyt)\n|\n|t:|1682228288\n|start\n|switch|p1a: Talonflame|Talonflame, L50, M, shiny|100\/100\n|switch|p1b: Garchomp|Garchomp, L50, M|100\/100\n|switch|p2a: Sudowoodo|Sudowoodo, L50, F|100\/100\n|switch|p2b: Jolteon|Jolteon, L50, M|100\/100\n|turn|1\n|\n|t:|1682228313\n|-terastallize|p2a: Sudowoodo|Grass\n|move|p1b: Garchomp|Protect|p1b: Garchomp\n|-singleturn|p1b: Garchomp|Protect\n|move|p1a: Talonflame|Tailwind|p1a: Talonflame\n|-sidestart|p1: jungnyang2|move: Tailwind\n|move|p2b: Jolteon|Pin Missile|p2a: Sudowoodo\n|-supereffective|p2a: Sudowoodo\n|-damage|p2a: Sudowoodo|92\/100\n|-ability|p2a: Sudowoodo|Rattled|boost\n|-boost|p2a: Sudowoodo|spe|1\n|-enditem|p2a: Sudowoodo|Weakness Policy\n|-boost|p2a: Sudowoodo|atk|2|[from] item: Weakness Policy\n|-boost|p2a: Sudowoodo|spa|2|[from] item: Weakness Policy\n|-supereffective|p2a: Sudowoodo\n|-damage|p2a: Sudowoodo|81\/100\n|-ability|p2a: Sudowoodo|Rattled|boost\n|-boost|p2a: Sudowoodo|spe|1\n|-hitcount|p2a: Sudowoodo|2\n|move|p2a: Sudowoodo|Rock Slide|p1b: Garchomp|[spread] p1a\n|-activate|p1b: Garchomp|move: Protect\n|-supereffective|p1a: Talonflame\n|-crit|p1a: Talonflame\n|-damage|p1a: Talonflame|0 fnt\n|faint|p1a: Talonflame\n|\n|upkeep\n|\n|t:|1682228338\n|switch|p1a: Flutter Mane|Flutter Mane, L50|100\/100\n|turn|2\n|\n|t:|1682228350\n|move|p1a: Flutter Mane|Protect|p1a: Flutter Mane\n|-singleturn|p1a: Flutter Mane|Protect\n|move|p1b: Garchomp|Earthquake|p2a: Sudowoodo|[spread] p2a,p2b\n|-activate|p1a: Flutter Mane|move: Protect\n|-resisted|p2a: Sudowoodo\n|-crit|p2a: Sudowoodo\n|-supereffective|p2b: Jolteon\n|-damage|p2a: Sudowoodo|48\/100\n|-enditem|p2b: Jolteon|Focus Sash\n|-damage|p2b: Jolteon|1\/100\n|move|p2b: Jolteon|Shadow Ball|p1a: Flutter Mane\n|-activate|p1a: Flutter Mane|move: Protect\n|move|p2a: Sudowoodo|Rock Slide|p1a: Flutter Mane|[spread] p1b\n|-activate|p1a: Flutter Mane|move: Protect\n|-resisted|p1b: Garchomp\n|-damage|p1b: Garchomp|76\/100\n|\n|upkeep\n|turn|3\n|inactive|jungnyang2 has 30 seconds left.\n|\n|t:|1682228379\n|switch|p2b: Ralts|Ralts, L50, F|100\/100\n|move|p2a: Sudowoodo|Protect|p2a: Sudowoodo\n|-singleturn|p2a: Sudowoodo|Protect\n|move|p1a: Flutter Mane|Moonblast|p2b: Ralts\n|-damage|p2b: Ralts|0 fnt\n|faint|p2b: Ralts\n|move|p1b: Garchomp|Dragon Claw|p2a: Sudowoodo\n|-activate|p2a: Sudowoodo|move: Protect\n|\n|upkeep\n|\n|t:|1682228394\n|switch|p2b: Jolteon|Jolteon, L50, M|1\/100\n|turn|4\n|\n|t:|1682228403\n|move|p2b: Jolteon|Detect|p2b: Jolteon\n|-singleturn|p2b: Jolteon|Protect\n|move|p2a: Sudowoodo|Protect||[still]\n|-fail|p2a: Sudowoodo\n|move|p1a: Flutter Mane|Dazzling Gleam|p2a: Sudowoodo|[spread] p2a\n|-activate|p2b: Jolteon|move: Protect\n|-damage|p2a: Sudowoodo|0 fnt\n|faint|p2a: Sudowoodo\n|move|p1b: Garchomp|Dragon Claw|p2b: Jolteon\n|-activate|p2b: Jolteon|move: Protect\n|\n|-sideend|p1: jungnyang2|move: Tailwind\n|upkeep\n|-message|Jakepaulyt forfeited.\n|\n|win|jungnyang2\n|raw|jungnyang2's rating: 1057 → 1086<\/strong> (+29 for winning)\n|raw|Jakepaulyt's rating: 1031 → 1017<\/strong> (-14 for losing)\n|l|\u2606Jakepaulyt\n|c|\u2606jungnyang2|\uc5cc\u314b\u314b\n|c|\u2606jungnyang2|\uc774\ub534\uac70 \uc4f0\uc9c0\ub9c8\u314b\u314b\u314b\n","uploadtime":1682228468,"views":36,"p1id":"jungnyang2","p2id":"jakepaulyt","formatid":"gen9vgc2023regulationc","rating":1017,"private":0,"password":""}