{"id":"gen9vgc2023regulationc-1855719317","p1":"jesus.utrilla","p2":"RitmanTesting1","format":"[Gen 9] VGC 2023 Regulation C","log":"|j|\u2606jesus.utrilla\n|j|\u2606RitmanTesting1\n|t:|1682976497\n|gametype|doubles\n|player|p1|jesus.utrilla|rosa|1405\n|player|p2|RitmanTesting1|byron|1494\n|teamsize|p1|6\n|teamsize|p2|6\n|gen|9\n|tier|[Gen 9] VGC 2023 Regulation C\n|rated|\n|rule|Species Clause: Limit one of each Pok\u00e9mon\n|rule|Item Clause: Limit one of each item\n|clearpoke\n|poke|p1|Corviknight, L50, M|\n|poke|p1|Flutter Mane, L50|\n|poke|p1|Glimmora, L50, F|\n|poke|p1|Chi-Yu, L50|\n|poke|p1|Dondozo, L50, M|\n|poke|p1|Tatsugiri, L50, M|\n|poke|p2|Arcanine, L50, M|\n|poke|p2|Flutter Mane, L50|\n|poke|p2|Rotom-Wash, L50|\n|poke|p2|Wo-Chien, L50|\n|poke|p2|Glimmora, L50, M|\n|poke|p2|Baxcalibur, L50, M|\n|teampreview|4\nRitmanTesting1 has agreed to open team sheets.\n|inactive|Battle timer is ON: inactive players will automatically lose when time's up. (requested by RitmanTesting1)\n|\n|t:|1682976543\n|start\n|switch|p1a: Corviknight|Corviknight, L50, M, shiny|100\/100\n|switch|p1b: Glimmora|Glimmora, L50, F, shiny|100\/100\n|switch|p2a: Glimmora|Glimmora, L50, M|100\/100\n|switch|p2b: Rotom|Rotom-Wash, L50|100\/100\n|turn|1\n|\n|t:|1682976553\n|-terastallize|p2a: Glimmora|Grass\n|move|p1b: Glimmora|Spiky Shield|p1b: Glimmora\n|-singleturn|p1b: Glimmora|move: Protect\n|move|p2b: Rotom|Thunderbolt|p1a: Corviknight\n|-supereffective|p1a: Corviknight\n|-damage|p1a: Corviknight|42\/100\n|move|p2a: Glimmora|Earth Power|p1b: Glimmora\n|-activate|p1b: Glimmora|move: Protect\n|move|p1a: Corviknight|Tailwind|p1a: Corviknight\n|-sidestart|p1: jesus.utrilla|move: Tailwind\n|\n|upkeep\n|turn|2\n|inactive|RitmanTesting1 has 30 seconds left.\n|\n|t:|1682976580\n|move|p1b: Glimmora|Power Gem|p2a: Glimmora\n|-damage|p2a: Glimmora|78\/100\n|move|p1a: Corviknight|Brave Bird|p2a: Glimmora\n|-supereffective|p2a: Glimmora\n|-damage|p2a: Glimmora|7\/100\n|-activate|p2a: Glimmora|ability: Toxic Debris\n|-sidestart|p1: jesus.utrilla|move: Toxic Spikes\n|-damage|p1a: Corviknight|20\/100|[from] Recoil\n|move|p2b: Rotom|Thunderbolt|p1a: Corviknight\n|-supereffective|p1a: Corviknight\n|-crit|p1a: Corviknight\n|-damage|p1a: Corviknight|0 fnt\n|faint|p1a: Corviknight\n|move|p2a: Glimmora|Earth Power|p1b: Glimmora\n|-supereffective|p1b: Glimmora\n|-damage|p1b: Glimmora|0 fnt\n|faint|p1b: Glimmora\n|\n|upkeep\n|-message|jesus.utrilla forfeited.\n|\n|win|RitmanTesting1\n|raw|jesus.utrilla's rating: 1405 → 1390<\/strong> (-15 for losing)\n|raw|RitmanTesting1's rating: 1494 → 1509<\/strong> (+15 for winning)\n|l|\u2606jesus.utrilla\n","uploadtime":1682976597,"views":13,"p1id":"jesusutrilla","p2id":"ritmantesting1","formatid":"gen9vgc2023regulationc","rating":1390,"private":0,"password":""}