{"id":"gen9vgc2023regulationc-1844967493","p1":"NotDaBoy","p2":"STE lulu","format":"[Gen 9] VGC 2023 Regulation C","log":"|j|\u2606NotDaBoy\n|j|\u2606STE lulu\n|t:|1681669154\n|gametype|doubles\n|player|p1|NotDaBoy|marlon|1268\n|player|p2|STE lulu|102|1344\n|teamsize|p1|6\n|teamsize|p2|6\n|gen|9\n|tier|[Gen 9] VGC 2023 Regulation C\n|rated|\n|rule|Species Clause: Limit one of each Pok\u00e9mon\n|rule|Item Clause: Limit one of each item\n|clearpoke\n|poke|p1|Chi-Yu, L50|\n|poke|p1|Flutter Mane, L50|\n|poke|p1|Iron Thorns, L50|\n|poke|p1|Gyarados, L50, F|\n|poke|p1|Brute Bonnet, L50|\n|poke|p1|Murkrow, L50, F|\n|poke|p2|Flutter Mane, L50|\n|poke|p2|Chi-Yu, L50|\n|poke|p2|Dragonite, L50, F|\n|poke|p2|Tsareena, L50, F|\n|poke|p2|Dondozo, L50, F|\n|poke|p2|Tatsugiri, L50, F|\n|teampreview|4\nNotDaBoy has agreed to open team sheets.\nSTE lulu has agreed to open team sheets.\n|\n|t:|1681669196\n|start\n|switch|p1a: Flutter Mane|Flutter Mane, L50|100\/100\n|switch|p1b: Murkrow|Murkrow, L50, F|100\/100\n|switch|p2a: Dragonite|Dragonite, L50, F|100\/100\n|switch|p2b: Chi-Yu|Chi-Yu, L50|100\/100\n|-ability|p2b: Chi-Yu|Beads of Ruin\n|turn|1\n|\n|t:|1681669242\n|-terastallize|p1a: Flutter Mane|Fairy\n|-terastallize|p2b: Chi-Yu|Fire\n|move|p1b: Murkrow|Tailwind|p1b: Murkrow\n|-sidestart|p1: NotDaBoy|move: Tailwind\n|move|p1a: Flutter Mane|Dazzling Gleam|p2a: Dragonite|[spread] p2a,p2b\n|-supereffective|p2a: Dragonite\n|-resisted|p2b: Chi-Yu\n|-damage|p2a: Dragonite|20\/100\n|-damage|p2b: Chi-Yu|66\/100\n|move|p2b: Chi-Yu|Heat Wave|p1a: Flutter Mane|[spread] p1a,p1b\n|-damage|p1a: Flutter Mane|35\/100\n|-enditem|p1b: Murkrow|Focus Sash\n|-damage|p1b: Murkrow|1\/100\n|move|p2a: Dragonite|Tailwind|p2a: Dragonite\n|-sidestart|p2: STE lulu|move: Tailwind\n|\n|upkeep\n|turn|2\n|\n|t:|1681669272\n|move|p2a: Dragonite|Extreme Speed|p1a: Flutter Mane\n|-damage|p1a: Flutter Mane|0 fnt\n|faint|p1a: Flutter Mane\n|-end|p1a: Flutter Mane|Protosynthesis|[silent]\n|move|p1b: Murkrow|Sunny Day|p1b: Murkrow\n|-weather|SunnyDay\n|move|p2b: Chi-Yu|Flamethrower|p1b: Murkrow\n|-damage|p1b: Murkrow|0 fnt\n|faint|p1b: Murkrow\n|\n|-weather|SunnyDay|[upkeep]\n|upkeep\n|\n|t:|1681669281\n|switch|p1a: Gyarados|Gyarados, L50, F|100\/100\n|switch|p1b: Brute Bonnet|Brute Bonnet, L50|100\/100\n|-ability|p1a: Gyarados|Intimidate|boost\n|-unboost|p2a: Dragonite|atk|1\n|-unboost|p2b: Chi-Yu|atk|1\n|-activate|p1b: Brute Bonnet|ability: Protosynthesis\n|-start|p1b: Brute Bonnet|protosynthesisatk\n|turn|3\n|\n|t:|1681669293\n|switch|p2a: Tsareena|Tsareena, L50, F|100\/100\n|move|p1b: Brute Bonnet|Sucker Punch||[still]\n|cant|p2a: Tsareena|ability: Queenly Majesty|Sucker Punch|[of] p1b: Brute Bonnet\n|move|p2b: Chi-Yu|Flamethrower|p1b: Brute Bonnet\n|-supereffective|p1b: Brute Bonnet\n|-damage|p1b: Brute Bonnet|0 fnt\n|faint|p1b: Brute Bonnet\n|-end|p1b: Brute Bonnet|Protosynthesis|[silent]\n|move|p1a: Gyarados|Waterfall|p2b: Chi-Yu\n|-supereffective|p2b: Chi-Yu\n|-damage|p2b: Chi-Yu|0 fnt\n|faint|p2b: Chi-Yu\n|\n|-weather|SunnyDay|[upkeep]\n|upkeep\n|\n|t:|1681669300\n|switch|p2b: Flutter Mane|Flutter Mane, L50|100\/100\n|-activate|p2b: Flutter Mane|ability: Protosynthesis\n|-start|p2b: Flutter Mane|protosynthesisspa\n|turn|4\n|-message|NotDaBoy forfeited.\n|\n|win|STE lulu\n|raw|NotDaBoy's rating: 1268 → 1248<\/strong> (-20 for losing)\n|raw|STE lulu's rating: 1344 → 1360<\/strong> (+16 for winning)\n","uploadtime":1681669306,"views":9,"p1id":"notdaboy","p2id":"stelulu","formatid":"gen9vgc2023regulationc","rating":1248,"private":0,"password":""}