{"id":"gen9vgc2023regulationc-1864431090","p1":"Gridvgc","p2":"revocolombia","format":"[Gen 9] VGC 2023 Regulation C","log":"|j|\u2606Gridvgc\n|j|\u2606revocolombia\n|t:|1684166099\n|gametype|doubles\n|player|p1|Gridvgc|boarder|1336\n|player|p2|revocolombia|pokemonranger-gen4|1264\n|teamsize|p1|6\n|teamsize|p2|6\n|gen|9\n|tier|[Gen 9] VGC 2023 Regulation C\n|rated|\n|rule|Species Clause: Limit one of each Pok\u00e9mon\n|rule|Item Clause: Limit one of each item\n|clearpoke\n|poke|p1|Annihilape, L50, F|\n|poke|p1|Farigiraf, L50, M|\n|poke|p1|Torkoal, L50, F|\n|poke|p1|Amoonguss, L50, M|\n|poke|p1|Ting-Lu, L50|\n|poke|p1|Flutter Mane, L50|\n|poke|p2|Flutter Mane, L50|\n|poke|p2|Annihilape, L50, F|\n|poke|p2|Corviknight, L50, M|\n|poke|p2|Chien-Pao, L50|\n|poke|p2|Murkrow, L50, M|\n|poke|p2|Rotom-Wash, L50|\n|teampreview|4\n|inactive|Battle timer is ON: inactive players will automatically lose when time's up. (requested by Gridvgc)\n|inactive|revocolombia has 60 seconds left.\n|\n|t:|1684166159\n|start\n|switch|p1a: Annihilape|Annihilape, L50, F|100\/100\n|switch|p1b: Farigiraf|Farigiraf, L50, M|100\/100\n|switch|p2a: Annihilape|Annihilape, L50, F|100\/100\n|switch|p2b: Corviknight|Corviknight, L50, M|100\/100\n|turn|1\n|\n|t:|1684166181\n|move|p1a: Annihilape|Final Gambit|p2b: Corviknight\n|-damage|p2b: Corviknight|0 fnt\n|faint|p1a: Annihilape\n|faint|p2b: Corviknight\n|move|p2a: Annihilape|Bulk Up|p2a: Annihilape\n|-boost|p2a: Annihilape|atk|1\n|-boost|p2a: Annihilape|def|1\n|move|p1b: Farigiraf|Trick Room|p1b: Farigiraf\n|-fieldstart|move: Trick Room|[of] p1b: Farigiraf\n|\n|upkeep\n|\n|t:|1684166192\n|switch|p2b: Rotom|Rotom-Wash, L50|100\/100\n|switch|p1a: Torkoal|Torkoal, L50, F|100\/100\n|-weather|SunnyDay|[from] ability: Drought|[of] p1a: Torkoal\n|turn|2\n|\n|t:|1684166209\n|-terastallize|p2a: Annihilape|Fire\n|move|p1b: Farigiraf|Helping Hand|p1a: Torkoal\n|-singleturn|p1a: Torkoal|Helping Hand|[of] p1b: Farigiraf\n|move|p1a: Torkoal|Eruption|p2a: Annihilape|[spread] p2a,p2b\n|-resisted|p2a: Annihilape\n|-resisted|p2b: Rotom\n|-damage|p2a: Annihilape|41\/100\n|-damage|p2b: Rotom|30\/100\n|move|p2b: Rotom|Hydro Pump|p1a: Torkoal\n|-supereffective|p1a: Torkoal\n|-damage|p1a: Torkoal|26\/100\n|move|p2a: Annihilape|Drain Punch|p1b: Farigiraf\n|-damage|p1b: Farigiraf|47\/100\n|-heal|p2a: Annihilape|70\/100|[from] drain|[of] p1b: Farigiraf\n|\n|-weather|SunnyDay|[upkeep]\n|-heal|p2a: Annihilape|76\/100|[from] item: Leftovers\n|upkeep\n|turn|3\n|\n|t:|1684166233\n|move|p1a: Torkoal|Heat Wave|p2a: Annihilape|[spread] p2a,p2b\n|-resisted|p2a: Annihilape\n|-resisted|p2b: Rotom\n|-crit|p2b: Rotom\n|-damage|p2a: Annihilape|54\/100\n|-damage|p2b: Rotom|0 fnt\n|faint|p2b: Rotom\n|move|p1b: Farigiraf|Hyper Voice|p2a: Annihilape\n|-damage|p2a: Annihilape|22\/100\n|move|p2a: Annihilape|Drain Punch|p1b: Farigiraf\n|-damage|p1b: Farigiraf|0 fnt\n|-heal|p2a: Annihilape|47\/100|[from] drain|[of] p1b: Farigiraf\n|faint|p1b: Farigiraf\n|\n|-weather|SunnyDay|[upkeep]\n|-heal|p2a: Annihilape|53\/100|[from] item: Leftovers\n|upkeep\n|\n|t:|1684166246\n|switch|p1b: Ting-Lu|Ting-Lu, L50|100\/100\n|switch|p2b: Chien-Pao|Chien-Pao, L50|100\/100\n|-ability|p1b: Ting-Lu|Vessel of Ruin\n|-ability|p2b: Chien-Pao|Sword of Ruin\n|turn|4\n|\n|t:|1684166267\n|-terastallize|p1b: Ting-Lu|Ground\n|move|p1a: Torkoal|Heat Wave|p2a: Annihilape|[spread] p2a,p2b\n|-resisted|p2a: Annihilape\n|-supereffective|p2b: Chien-Pao\n|-damage|p2a: Annihilape|34\/100\n|-enditem|p2b: Chien-Pao|Focus Sash\n|-damage|p2b: Chien-Pao|1\/100\n|move|p1b: Ting-Lu|Earthquake|p2a: Annihilape|[spread] p1a,p2a,p2b\n|-supereffective|p1a: Torkoal\n|-supereffective|p2a: Annihilape\n|-damage|p1a: Torkoal|0 fnt\n|-damage|p2a: Annihilape|0 fnt\n|-damage|p2b: Chien-Pao|0 fnt\n|faint|p1a: Torkoal\n|faint|p2a: Annihilape\n|faint|p2b: Chien-Pao\n|\n|win|Gridvgc\n|raw|Gridvgc's rating: 1336 → 1352<\/strong> (+16 for winning)\n|raw|revocolombia's rating: 1264 → 1244<\/strong> (-20 for losing)\n|l|\u2606Gridvgc\n","uploadtime":1684166285,"views":0,"p1id":"gridvgc","p2id":"revocolombia","formatid":"gen9vgc2023regulationc","rating":1244,"private":0,"password":""}