{"id":"gen9vgc2023regulationc-1857402763","p1":"Lolilil","p2":"StantlerGOAT","format":"[Gen 9] VGC 2023 Regulation C","log":"|j|\u2606Lolilil\n|j|\u2606StantlerGOAT\n|t:|1683187368\n|gametype|doubles\n|player|p1|Lolilil|266|1051\n|player|p2|StantlerGOAT|265|1064\n|teamsize|p1|6\n|teamsize|p2|6\n|gen|9\n|tier|[Gen 9] VGC 2023 Regulation C\n|rated|\n|rule|Species Clause: Limit one of each Pok\u00e9mon\n|rule|Item Clause: Limit one of each item\n|clearpoke\n|poke|p1|Dragapult, L50, F|\n|poke|p1|Iron Moth, L50|\n|poke|p1|Pincurchin, L50, F|\n|poke|p1|Iron Hands, L50|\n|poke|p1|Iron Thorns, L50|\n|poke|p1|Blissey, L50, F|\n|poke|p2|Ting-Lu, L50|\n|poke|p2|Slowbro, L50, M|\n|poke|p2|Tropius, L50, F|\n|poke|p2|Iron Hands, L50|\n|poke|p2|Bronzong, L50|\n|poke|p2|Clawitzer, L50, M|\n|teampreview|4\n|inactive|Battle timer is ON: inactive players will automatically lose when time's up. (requested by StantlerGOAT)\n|\n|t:|1683187402\n|start\n|switch|p1a: Pincurchin|Pincurchin, L50, F|100\/100\n|switch|p1b: Iron Hands|Iron Hands, L50|100\/100\n|switch|p2a: Ting-Lu|Ting-Lu, L50|100\/100\n|switch|p2b: Slowbro|Slowbro, L50, M|100\/100\n|-ability|p2a: Ting-Lu|Vessel of Ruin\n|-fieldstart|move: Electric Terrain|[from] ability: Electric Surge|[of] p1a: Pincurchin\n|-activate|p1b: Iron Hands|ability: Quark Drive\n|-start|p1b: Iron Hands|quarkdriveatk\n|turn|1\n|\n|t:|1683187426\n|-terastallize|p2b: Slowbro|Grass\n|move|p2a: Ting-Lu|Protect|p2a: Ting-Lu\n|-singleturn|p2a: Ting-Lu|Protect\n|move|p1b: Iron Hands|Thunder Punch|p2b: Slowbro\n|-resisted|p2b: Slowbro\n|-crit|p2b: Slowbro\n|-damage|p2b: Slowbro|51\/100\n|move|p1a: Pincurchin|Spikes|p2a: Ting-Lu\n|-sidestart|p2: StantlerGOAT|Spikes\n|move|p2b: Slowbro|Trick Room|p2b: Slowbro\n|-fieldstart|move: Trick Room|[of] p2b: Slowbro\n|\n|upkeep\n|turn|2\n|\n|t:|1683187449\n|move|p1a: Pincurchin|Discharge|p2a: Ting-Lu|[spread] p1b,p2b\n|-immune|p2a: Ting-Lu\n|-resisted|p1b: Iron Hands\n|-resisted|p2b: Slowbro\n|-damage|p1b: Iron Hands|93\/100\n|-damage|p2b: Slowbro|41\/100\n|move|p2b: Slowbro|Surf|p1b: Iron Hands|[spread] p2a,p1a,p1b\n|-supereffective|p2a: Ting-Lu\n|-damage|p2a: Ting-Lu|76\/100\n|-damage|p1a: Pincurchin|79\/100\n|-damage|p1b: Iron Hands|83\/100\n|-enditem|p2a: Ting-Lu|Weakness Policy\n|-boost|p2a: Ting-Lu|atk|2|[from] item: Weakness Policy\n|-boost|p2a: Ting-Lu|spa|2|[from] item: Weakness Policy\n|-enditem|p1a: Pincurchin|Eject Button\n|\n|t:|1683187465\n|switch|p1a: Iron Moth|Iron Moth, L50|100\/100\n|-activate|p1a: Iron Moth|ability: Quark Drive\n|-start|p1a: Iron Moth|quarkdrivespa\n|move|p2a: Ting-Lu|Earthquake|p1a: Iron Moth|[spread] p2b,p1a,p1b\n|-resisted|p2b: Slowbro\n|-supereffective|p1a: Iron Moth\n|-supereffective|p1b: Iron Hands\n|-crit|p1b: Iron Hands\n|-damage|p2b: Slowbro|8\/100\n|-damage|p1a: Iron Moth|0 fnt\n|-damage|p1b: Iron Hands|0 fnt\n|faint|p1a: Iron Moth\n|-end|p1a: Iron Moth|Quark Drive|[silent]\n|faint|p1b: Iron Hands\n|-end|p1b: Iron Hands|Quark Drive|[silent]\n|\n|upkeep\n|\n|t:|1683187476\n|switch|p1b: Pincurchin|Pincurchin, L50, F|79\/100\n|switch|p1a: Dragapult|Dragapult, L50, F|100\/100\n|turn|3\n|\n|t:|1683187492\n|move|p2b: Slowbro|Protect|p2b: Slowbro\n|-singleturn|p2b: Slowbro|Protect\n|move|p1b: Pincurchin|Discharge|p2a: Ting-Lu|[spread] p1a\n|-activate|p2b: Slowbro|move: Protect\n|-immune|p2a: Ting-Lu\n|-resisted|p1a: Dragapult\n|-damage|p1a: Dragapult|83\/100\n|move|p2a: Ting-Lu|Earthquake|p1b: Pincurchin|[spread] p1a,p1b\n|-activate|p2b: Slowbro|move: Protect\n|-supereffective|p1b: Pincurchin\n|-damage|p1a: Dragapult|0 fnt\n|-damage|p1b: Pincurchin|0 fnt\n|faint|p1a: Dragapult\n|faint|p1b: Pincurchin\n|\n|win|StantlerGOAT\n|raw|Lolilil's rating: 1051 → 1034<\/strong> (-17 for losing)\n|raw|StantlerGOAT's rating: 1064 → 1093<\/strong> (+29 for winning)\n|l|\u2606Lolilil\n","uploadtime":1683187509,"views":12,"p1id":"lolilil","p2id":"stantlergoat","formatid":"gen9vgc2023regulationc","rating":1034,"private":0,"password":""}