{"id":"gen9vgc2023regulationc-1859366071","p1":"Testiqleton","p2":"Robbie35646","format":"[Gen 9] VGC 2023 Regulation C","log":"|j|\u2606Testiqleton\n|j|\u2606Robbie35646\n|t:|1683448557\n|gametype|doubles\n|player|p1|Testiqleton|teamrocket|\n|player|p2|Robbie35646|larry|\n|teamsize|p1|6\n|teamsize|p2|6\n|gen|9\n|tier|[Gen 9] VGC 2023 Regulation C\n|rated|Tournament battle\n|rule|Species Clause: Limit one of each Pok\u00e9mon\n|rule|Item Clause: Limit one of each item\n|clearpoke\n|poke|p1|Garchomp, L50, M|\n|poke|p1|Talonflame, L50, F|\n|poke|p1|Iron Bundle, L50|\n|poke|p1|Gholdengo, L50|\n|poke|p1|Iron Hands, L50|\n|poke|p1|Chien-Pao, L50|\n|poke|p2|Ting-Lu, L50|\n|poke|p2|Palafin, L50, F|\n|poke|p2|Amoonguss, L50, F|\n|poke|p2|Arcanine, L50, M|\n|poke|p2|Flutter Mane, L50|\n|poke|p2|Iron Hands, L50|\n|teampreview|4\n|raw| Open Team Sheet for Testiqleton<\/summary>Garchomp @ Clear Amulet Ability: Rough Skin Level: 50 Tera Type: Fire - Earthquake - Stomping Tantrum - Rock Slide - Protect Talonflame @ Safety Goggles Ability: Gale Wings Level: 50 Tera Type: Ghost - Brave Bird - Tailwind - Will-O-Wisp - Taunt Iron Bundle @ Booster Energy Ability: Quark Drive Level: 50 Tera Type: Ice - Hydro Pump - Freeze-Dry - Icy Wind - Protect Gholdengo @ Choice Specs Ability: Good as Gold Level: 50 Tera Type: Steel - Make It Rain - Shadow Ball - Thunderbolt - Trick Iron Hands @ Assault Vest Ability: Quark Drive Level: 50 Tera Type: Grass - Fake Out - Drain Punch - Wild Charge - Heavy Slam Chien-Pao @ Focus Sash Ability: Sword of Ruin Level: 50 Tera Type: Ghost - Ice Spinner - Sucker Punch - Sacred Sword - Haze <\/details><\/div> Open Team Sheet for Robbie35646<\/summary>Pala (Ting-Lu) @ Assault Vest Ability: Vessel of Ruin Level: 50 Tera Type: Grass - Stomping Tantrum - Heavy Slam - Ruination - Fissure Amoong (Palafin) @ Mystic Water Ability: Zero to Hero Level: 50 Shiny: Yes Tera Type: Water - Wave Crash - Jet Punch - Taunt - Protect Fissure (Amoonguss) @ Sitrus Berry Ability: Regenerator Level: 50 Tera Type: Water - Pollen Puff - Spore - Rage Powder - Protect Flutter (Arcanine) @ Figy Berry Ability: Intimidate Level: 50 Tera Type: Flying - Flare Blitz - Extreme Speed - Will-O-Wisp - Protect Hands (Flutter Mane) @ Choice Specs Ability: Protosynthesis Level: 50 Tera Type: Water - Moonblast - Shadow Ball - Dazzling Gleam - Thunderbolt Rk9 (Iron Hands) @ Safety Goggles Ability: Quark Drive Level: 50 Tera Type: Fire - Drain Punch - Thunder Punch - Swords Dance - Protect <\/details><\/div>\n|inactive|Battle timer is ON: inactive players will automatically lose when time's up. (requested by Testiqleton)\n|\n|t:|1683448651\n|start\n|switch|p1a: Garchomp|Garchomp, L50, M|100\/100\n|switch|p1b: Talonflame|Talonflame, L50, F|100\/100\n|switch|p2a: Hands|Flutter Mane, L50|100\/100\n|switch|p2b: Amoong|Palafin, L50, F, shiny|100\/100\n|turn|1\n|inactive|Testiqleton has 30 seconds left.\n|inactive|Testiqleton has 20 seconds left.\n|\n|t:|1683448689\n|detailschange|p2b: Amoong|Palafin-Hero, L50, F, shiny\n|switch|p2b: Flutter|Arcanine, L50, M|100\/100\n|-ability|p2b: Flutter|Intimidate|boost\n|-fail|p1a: Garchomp|unboost|[from] item: Clear Amulet|[of] p1a: Garchomp\n|-unboost|p1b: Talonflame|atk|1\n|-terastallize|p1a: Garchomp|Fire\n|move|p1b: Talonflame|Tailwind|p1b: Talonflame\n|-sidestart|p1: Testiqleton|move: Tailwind\n|move|p1a: Garchomp|Earthquake|p2a: Hands|[spread] p2a,p2b\n|-immune|p1b: Talonflame\n|-crit|p2a: Hands\n|-supereffective|p2b: Flutter\n|-damage|p2a: Hands|0 fnt\n|-damage|p2b: Flutter|9\/100\n|-enditem|p2b: Flutter|Figy Berry|[eat]\n|-heal|p2b: Flutter|42\/100|[from] item: Figy Berry\n|faint|p2a: Hands\n|-end|p2a: Hands|Protosynthesis|[silent]\n|\n|upkeep\n|\n|t:|1683448707\n|switch|p2a: Amoong|Palafin-Hero, L50, F, shiny|100\/100\n|-activate|p2a: Amoong|ability: Zero to Hero\n|turn|2\n|inactive|Testiqleton has 30 seconds left.\n|inactive|Robbie35646 has 30 seconds left.\n|\n|t:|1683448736\n|move|p1a: Garchomp|Protect|p1a: Garchomp\n|-singleturn|p1a: Garchomp|Protect\n|move|p2b: Flutter|Extreme Speed|p1b: Talonflame\n|-damage|p1b: Talonflame|75\/100\n|move|p2a: Amoong|Jet Punch|p1b: Talonflame\n|-supereffective|p1b: Talonflame\n|-damage|p1b: Talonflame|0 fnt\n|faint|p1b: Talonflame\n|\n|upkeep\n|\n|t:|1683448743\n|switch|p1b: Iron Hands|Iron Hands, L50|100\/100\n|turn|3\n|inactive|Robbie35646 has 30 seconds left.\n|\n|t:|1683448774\n|-terastallize|p2a: Amoong|Water\n|move|p1b: Iron Hands|Fake Out|p2a: Amoong\n|-damage|p2a: Amoong|86\/100\n|cant|p2a: Amoong|flinch\n|move|p1a: Garchomp|Stomping Tantrum|p2b: Flutter\n|-supereffective|p2b: Flutter\n|-damage|p2b: Flutter|0 fnt\n|faint|p2b: Flutter\n|\n|upkeep\n|\n|t:|1683448782\n|switch|p2b: Rk9|Iron Hands, L50|100\/100\n|turn|4\n|inactive|Testiqleton has 30 seconds left.\n|\n|t:|1683448809\n|move|p1a: Garchomp|Protect|p1a: Garchomp\n|-singleturn|p1a: Garchomp|Protect\n|move|p2a: Amoong|Protect|p2a: Amoong\n|-singleturn|p2a: Amoong|Protect\n|move|p1b: Iron Hands|Wild Charge|p2a: Amoong\n|-activate|p2a: Amoong|move: Protect\n|move|p2b: Rk9|Drain Punch|p1b: Iron Hands\n|-damage|p1b: Iron Hands|70\/100\n|\n|-sideend|p1: Testiqleton|move: Tailwind\n|upkeep\n|turn|5\n|inactive|Robbie35646 has 30 seconds left.\n|\n|t:|1683448841\n|move|p2b: Rk9|Protect|p2b: Rk9\n|-singleturn|p2b: Rk9|Protect\n|move|p1a: Garchomp|Stomping Tantrum|p2b: Rk9\n|-activate|p2b: Rk9|move: Protect\n|move|p2a: Amoong|Wave Crash|p1b: Iron Hands\n|-damage|p1b: Iron Hands|0 fnt\n|faint|p1b: Iron Hands\n|-end|p1b: Iron Hands|Quark Drive|[silent]\n|-damage|p2a: Amoong|58\/100|[from] Recoil\n|\n|upkeep\n|\n|t:|1683448852\n|switch|p1b: Chien-Pao|Chien-Pao, L50|100\/100\n|-ability|p1b: Chien-Pao|Sword of Ruin\n|turn|6\n|inactive|Robbie35646 has 30 seconds left.\n|inactive|Robbie35646 has 20 seconds left.\n|\n|t:|1683448888\n|move|p1a: Garchomp|Protect|p1a: Garchomp\n|-singleturn|p1a: Garchomp|Protect\n|move|p2a: Amoong|Jet Punch|p1a: Garchomp\n|-activate|p1a: Garchomp|move: Protect\n|move|p1b: Chien-Pao|Sacred Sword|p2a: Amoong\n|-damage|p2a: Amoong|18\/100\n|move|p2b: Rk9|Drain Punch|p1b: Chien-Pao\n|-supereffective|p1b: Chien-Pao\n|-enditem|p1b: Chien-Pao|Focus Sash\n|-damage|p1b: Chien-Pao|1\/100\n|\n|upkeep\n|turn|7\n|\n|t:|1683448908\n|move|p2a: Amoong|Protect|p2a: Amoong\n|-singleturn|p2a: Amoong|Protect\n|move|p1b: Chien-Pao|Sucker Punch||[still]\n|-fail|p1b: Chien-Pao\n|move|p1a: Garchomp|Stomping Tantrum|p2b: Rk9\n|-supereffective|p2b: Rk9\n|-damage|p2b: Rk9|14\/100\n|move|p2b: Rk9|Drain Punch|p1b: Chien-Pao\n|-supereffective|p1b: Chien-Pao\n|-damage|p1b: Chien-Pao|0 fnt\n|-heal|p2b: Rk9|15\/100|[from] drain|[of] p1b: Chien-Pao\n|faint|p1b: Chien-Pao\n|\n|upkeep\n|turn|8\n|\n|t:|1683448917\n|move|p2a: Amoong|Jet Punch|p1a: Garchomp\n|-supereffective|p1a: Garchomp\n|-damage|p1a: Garchomp|0 fnt\n|-damage|p2a: Amoong|6\/100|[from] ability: Rough Skin|[of] p1a: Garchomp\n|faint|p1a: Garchomp\n|\n|win|Robbie35646\n|n|\u2606Testiqleton|testiqleton\n|n|\u2606Robbie35646|robbie35646\n|c|\u2606Robbie35646|gg\n|c|\u2606Testiqleton|gg\n","uploadtime":1683448960,"views":13,"p1id":"testiqleton","p2id":"robbie35646","formatid":"gen9vgc2023regulationc","rating":0,"private":0,"password":""}