{"id":"gen9vgc2023regulationc-1859680894","p1":"TStorm","p2":"GreenPig10cute","format":"[Gen 9] VGC 2023 Regulation C","log":"|j|\u2606TStorm\n|j|\u2606GreenPig10cute\n|t:|1683555572\n|gametype|doubles\n|player|p1|TStorm|169|\n|player|p2|GreenPig10cute|1|\n|teamsize|p1|6\n|teamsize|p2|6\n|gen|9\n|tier|[Gen 9] VGC 2023 Regulation C\n|rated|Tournament battle\n|rule|Species Clause: Limit one of each Pok\u00e9mon\n|rule|Item Clause: Limit one of each item\n|clearpoke\n|poke|p1|Flutter Mane, L50|\n|poke|p1|Ting-Lu, L50|\n|poke|p1|Kingambit, L50, F|\n|poke|p1|Arcanine, L50, M|\n|poke|p1|Palafin, L50, M|\n|poke|p1|Amoonguss, L50, M|\n|poke|p2|Garchomp, L50, M|\n|poke|p2|Gardevoir, L50, M|\n|poke|p2|Hydreigon, L50, F|\n|poke|p2|Maushold-Four, L50|\n|poke|p2|Amoonguss, L50, F|\n|poke|p2|Iron Bundle, L50|\n|teampreview|4\n|raw| Open Team Sheet for TStorm<\/summary>Flutter Mane @ Choice Specs Ability: Protosynthesis Level: 50 Tera Type: Fairy - Shadow Ball - Dazzling Gleam - Thunderbolt - Moonblast Ting-Lu @ Assault Vest Ability: Vessel of Ruin Level: 50 Tera Type: Poison - Stomping Tantrum - Heavy Slam - Stone Edge - Ruination Kingambit @ Lum Berry Ability: Defiant Level: 50 Tera Type: Dark - Kowtow Cleave - Swords Dance - Sucker Punch - Protect Arcanine @ Safety Goggles Ability: Intimidate Level: 50 Tera Type: Flying - Flare Blitz - Will-O-Wisp - Howl - Protect Palafin @ Mystic Water Ability: Zero to Hero Level: 50 Tera Type: Water - Jet Punch - Wave Crash - Haze - Protect Amoonguss @ Sitrus Berry Ability: Regenerator Level: 50 Tera Type: Water - Pollen Puff - Rage Powder - Spore - Protect <\/details><\/div> Open Team Sheet for GreenPig10cute<\/summary>Garchomp @ Choice Band Ability: Rough Skin Level: 50 Shiny: Yes Tera Type: Ground - Dragon Claw - Earthquake - Bulldoze - Stone Edge Gardevoir @ Leftovers Ability: Telepathy Level: 50 Shiny: Yes Tera Type: Steel - Imprison - Trick Room - Dazzling Gleam - Encore Hydreigon @ Scope Lens Ability: Levitate Level: 50 Shiny: Yes Tera Type: Fire - Focus Energy - Heat Wave - Draco Meteor - Dark Pulse Maushold (Maushold-Four) @ Safety Goggles Ability: Friend Guard Level: 50 Shiny: Yes Tera Type: Fairy - Follow Me - Encore - Protect - Super Fang Amoonguss @ Mental Herb Ability: Effect Spore Level: 50 Shiny: Yes Tera Type: Flying - Pollen Puff - Spore - Rage Powder - Clear Smog Iron Bundle @ Booster Energy Ability: Quark Drive Level: 50 Shiny: Yes Tera Type: Ice - Freeze-Dry - Hydro Pump - Icy Wind - Protect <\/details><\/div>\n|inactive|Battle timer is ON: inactive players will automatically lose when time's up. (requested by GreenPig10cute)\n|j| Cakestering\n|inactive|TStorm has 60 seconds left.\n|inactive|GreenPig10cute has 60 seconds left.\n|inactive|TStorm has 30 seconds left.\n|c|\u2606GreenPig10cute|hi cakestering\n|c| Cakestering|hey\n|inactive|TStorm has 20 seconds left.\n|inactive|TStorm has 15 seconds left.\n|c|\u2606GreenPig10cute|this is not stall\n|c| Cakestering|that doesnt look like stall lol\n|inactive|TStorm has 10 seconds left.\n|\n|t:|1683555654\n|start\n|switch|p1a: Arcanine|Arcanine, L50, M|100\/100\n|switch|p1b: Kingambit|Kingambit, L50, F|100\/100\n|switch|p2a: Hydreigon|Hydreigon, L50, F, shiny|100\/100\n|switch|p2b: Maushold|Maushold-Four, L50, shiny|100\/100\n|-ability|p1a: Arcanine|Intimidate|boost\n|-unboost|p2a: Hydreigon|atk|1\n|-unboost|p2b: Maushold|atk|1\n|turn|1\n|c|\u2606GreenPig10cute|i need one more mon\n|c| Cakestering|wo chien maybe?\n|c| Cakestering|idk\n|c|\u2606GreenPig10cute|ok\n|inactive|TStorm has 30 seconds left.\n|inactive|TStorm has 20 seconds left.\n|inactive|TStorm has 15 seconds left.\n|\n|t:|1683555696\n|-terastallize|p1b: Kingambit|Dark\n|move|p2b: Maushold|Follow Me|p2b: Maushold\n|-singleturn|p2b: Maushold|move: Follow Me\n|move|p2a: Hydreigon|Focus Energy|p2a: Hydreigon\n|-start|p2a: Hydreigon|move: Focus Energy\n|move|p1a: Arcanine|Howl|p1a: Arcanine|[spread] p1a,p1b\n|-boost|p1a: Arcanine|atk|1\n|-boost|p1b: Kingambit|atk|1\n|move|p1b: Kingambit|Kowtow Cleave|p2b: Maushold\n|-damage|p2b: Maushold|0 fnt\n|faint|p2b: Maushold\n|\n|upkeep\n|\n|t:|1683555708\n|switch|p2b: Garchomp|Garchomp, L50, M, shiny|100\/100\n|turn|2\n|\n|t:|1683555728\n|-terastallize|p2b: Garchomp|Ground\n|move|p1b: Kingambit|Protect|p1b: Kingambit\n|-singleturn|p1b: Kingambit|Protect\n|move|p2b: Garchomp|Earthquake|p1a: Arcanine|[spread] p1a\n|-activate|p1b: Kingambit|move: Protect\n|-immune|p2a: Hydreigon|[from] ability: Levitate\n|-supereffective|p1a: Arcanine\n|-damage|p1a: Arcanine|0 fnt\n|faint|p1a: Arcanine\n|move|p2a: Hydreigon|Heat Wave|p1b: Kingambit\n|-activate|p1b: Kingambit|move: Protect\n|\n|upkeep\n|\n|t:|1683555748\n|switch|p1a: Flutter Mane|Flutter Mane, L50|100\/100\n|turn|3\n|\n|t:|1683555754\n|move|p1b: Kingambit|Sucker Punch|p2b: Garchomp\n|-damage|p2b: Garchomp|21\/100\n|-damage|p1b: Kingambit|88\/100|[from] ability: Rough Skin|[of] p2b: Garchomp\n|move|p1a: Flutter Mane|Dazzling Gleam|p2b: Garchomp|[spread] p2a,p2b\n|-supereffective|p2a: Hydreigon\n|-damage|p2a: Hydreigon|0 fnt\n|-damage|p2b: Garchomp|0 fnt\n|faint|p2a: Hydreigon\n|faint|p2b: Garchomp\n|\n|upkeep\n|\n|t:|1683555764\n|switch|p2a: Iron Bundle|Iron Bundle, L50, shiny|100\/100\n|-enditem|p2a: Iron Bundle|Booster Energy\n|-activate|p2a: Iron Bundle|ability: Quark Drive|[fromitem]\n|-start|p2a: Iron Bundle|quarkdrivespe\n|turn|4\n|\n|t:|1683555772\n|move|p2a: Iron Bundle|Protect|p2a: Iron Bundle\n|-singleturn|p2a: Iron Bundle|Protect\n|move|p1b: Kingambit|Sucker Punch||[still]\n|-fail|p1b: Kingambit\n|move|p1a: Flutter Mane|Dazzling Gleam|p2a: Iron Bundle\n|-activate|p2a: Iron Bundle|move: Protect\n|\n|upkeep\n|turn|5\n|\n|t:|1683555785\n|move|p2a: Iron Bundle|Hydro Pump|p1b: Kingambit|[miss]\n|-miss|p2a: Iron Bundle|p1b: Kingambit\n|move|p1a: Flutter Mane|Dazzling Gleam|p2a: Iron Bundle\n|-damage|p2a: Iron Bundle|0 fnt\n|faint|p2a: Iron Bundle\n|-end|p2a: Iron Bundle|Quark Drive|[silent]\n|\n|win|TStorm\n|n|\u2606TStorm|tstorm\n|n|\u2606GreenPig10cute|greenpig10cute\n|n| Cakestering|cakestering\n","uploadtime":1683555802,"views":6,"p1id":"tstorm","p2id":"greenpig10cute","formatid":"gen9vgc2023regulationc","rating":0,"private":0,"password":""}