{"id":"gen9vgc2023regulationc-1846018427","p1":"JiangTang","p2":"Jwalker5121","format":"[Gen 9] VGC 2023 Regulation C","log":"|j|\u2606JiangTang\n|j|\u2606Jwalker5121\n|t:|1681792246\n|gametype|doubles\n|player|p1|JiangTang|red|1150\n|player|p2|Jwalker5121|striker|1229\n|teamsize|p1|6\n|teamsize|p2|6\n|gen|9\n|tier|[Gen 9] VGC 2023 Regulation C\n|rated|\n|rule|Species Clause: Limit one of each Pok\u00e9mon\n|rule|Item Clause: Limit one of each item\n|clearpoke\n|poke|p1|Lycanroc-Dusk, L50, M|\n|poke|p1|Chien-Pao, L50|\n|poke|p1|Grimmsnarl, L50, M|\n|poke|p1|Grafaiai, L50, F|\n|poke|p1|Chi-Yu, L50|\n|poke|p1|Flutter Mane, L50|\n|poke|p2|Wo-Chien, L50|\n|poke|p2|Ting-Lu, L50|\n|poke|p2|Glimmora, L50, F|\n|poke|p2|Arcanine, L50, F|\n|poke|p2|Flutter Mane, L50|\n|poke|p2|Gastrodon, L50, M|\n|teampreview|4\n|\n|t:|1681792263\n|start\n|switch|p1a: Lycanroc|Lycanroc-Dusk, L50, M|100\/100\n|switch|p1b: Chien-Pao|Chien-Pao, L50|100\/100\n|switch|p2a: Ting-Lu|Ting-Lu, L50|100\/100\n|switch|p2b: Arcanine|Arcanine, L50, F|100\/100\n|-ability|p1b: Chien-Pao|Sword of Ruin\n|-ability|p2b: Arcanine|Intimidate|boost\n|-unboost|p1a: Lycanroc|atk|1\n|-unboost|p1b: Chien-Pao|atk|1\n|-ability|p2a: Ting-Lu|Vessel of Ruin\n|turn|1\n|inactive|Battle timer is ON: inactive players will automatically lose when time's up. (requested by Jwalker5121)\n|\n|t:|1681792291\n|-terastallize|p2b: Arcanine|Grass\n|move|p1b: Chien-Pao|Sacred Sword|p2a: Ting-Lu\n|-supereffective|p2a: Ting-Lu\n|-damage|p2a: Ting-Lu|68\/100\n|move|p1a: Lycanroc|Close Combat|p2a: Ting-Lu\n|-supereffective|p2a: Ting-Lu\n|-damage|p2a: Ting-Lu|2\/100\n|-unboost|p1a: Lycanroc|def|1\n|-unboost|p1a: Lycanroc|spd|1\n|-damage|p1a: Lycanroc|91\/100|[from] item: Life Orb\n|move|p2b: Arcanine|Flare Blitz|p1b: Chien-Pao\n|-supereffective|p1b: Chien-Pao\n|-enditem|p1b: Chien-Pao|Focus Sash\n|-damage|p1b: Chien-Pao|1\/100\n|-damage|p2b: Arcanine|75\/100|[from] Recoil\n|move|p2a: Ting-Lu|Stomping Tantrum|p1a: Lycanroc\n|-supereffective|p1a: Lycanroc\n|-damage|p1a: Lycanroc|0 fnt\n|faint|p1a: Lycanroc\n|\n|upkeep\n|\n|t:|1681792314\n|switch|p1a: Chi-Yu|Chi-Yu, L50|100\/100\n|-ability|p1a: Chi-Yu|Beads of Ruin\n|turn|2\n|inactive|JiangTang has 30 seconds left.\n|inactive|Jwalker5121 has 30 seconds left.\n|\n|t:|1681792344\n|switch|p2b: Flutter Mane|Flutter Mane, L50|100\/100\n|move|p1a: Chi-Yu|Heat Wave|p2a: Ting-Lu|[spread] p2a\n|-miss|p1a: Chi-Yu|p2b: Flutter Mane\n|-damage|p2a: Ting-Lu|0 fnt\n|faint|p2a: Ting-Lu\n|move|p1b: Chien-Pao|Sacred Sword|p2b: Flutter Mane\n|-immune|p2b: Flutter Mane\n|\n|upkeep\n|\n|t:|1681792354\n|switch|p2a: Arcanine|Arcanine, L50, F, tera:Grass|75\/100\n|-ability|p2a: Arcanine|Intimidate|boost\n|-unboost|p1a: Chi-Yu|atk|1\n|-unboost|p1b: Chien-Pao|atk|1\n|turn|3\n|\n|t:|1681792369\n|move|p2a: Arcanine|Extreme Speed|p1b: Chien-Pao\n|-damage|p1b: Chien-Pao|0 fnt\n|faint|p1b: Chien-Pao\n|move|p1a: Chi-Yu|Heat Wave|p2b: Flutter Mane|[spread] p2a,p2b\n|-supereffective|p2a: Arcanine\n|-crit|p2a: Arcanine\n|-damage|p2a: Arcanine|0 fnt\n|-damage|p2b: Flutter Mane|41\/100\n|faint|p2a: Arcanine\n|move|p2b: Flutter Mane|Dazzling Gleam|p1a: Chi-Yu\n|-damage|p1a: Chi-Yu|50\/100\n|\n|upkeep\n|\n|t:|1681792381\n|switch|p1b: Flutter Mane|Flutter Mane, L50|100\/100\n|switch|p2a: Wo-Chien|Wo-Chien, L50|100\/100\n|-ability|p2a: Wo-Chien|Tablets of Ruin\n|turn|4\n|inactive|JiangTang has 30 seconds left.\n|\n|t:|1681792411\n|-terastallize|p1b: Flutter Mane|Fairy\n|move|p1a: Chi-Yu|Heat Wave|p2b: Flutter Mane|[spread] p2a\n|-miss|p1a: Chi-Yu|p2b: Flutter Mane\n|-supereffective|p2a: Wo-Chien\n|-damage|p2a: Wo-Chien|34\/100\n|move|p1b: Flutter Mane|Dazzling Gleam|p2b: Flutter Mane|[spread] p2a,p2b\n|-supereffective|p2a: Wo-Chien\n|-damage|p2a: Wo-Chien|0 fnt\n|-damage|p2b: Flutter Mane|0 fnt\n|faint|p2a: Wo-Chien\n|faint|p2b: Flutter Mane\n|-end|p2b: Flutter Mane|Protosynthesis|[silent]\n|\n|win|JiangTang\n|raw|JiangTang's rating: 1150 → 1181<\/strong> (+31 for winning)\n|raw|Jwalker5121's rating: 1229 → 1198<\/strong> (-31 for losing)\n|l|\u2606Jwalker5121\n","uploadtime":1681792430,"views":6,"p1id":"jiangtang","p2id":"jwalker5121","formatid":"gen9vgc2023regulationc","rating":1181,"private":0,"password":""}