{"id":"gen9vgc2023regulationc-1854121253","p1":"abar12345","p2":"Alaskan_fisher","format":"[Gen 9] VGC 2023 Regulation C","log":"|j|\u203dabar12345\n|j|\u2606Alaskan_fisher\n|t:|1682772646\n|gametype|doubles\n|player|p1|abar12345|169|1399\n|player|p2|Alaskan_fisher|fisherman-gen4|1404\n|teamsize|p1|6\n|teamsize|p2|6\n|gen|9\n|tier|[Gen 9] VGC 2023 Regulation C\n|rated|\n|rule|Species Clause: Limit one of each Pok\u00e9mon\n|rule|Item Clause: Limit one of each item\n|clearpoke\n|poke|p1|Ting-Lu, L50|\n|poke|p1|Annihilape, L50, M|\n|poke|p1|Iron Bundle, L50|\n|poke|p1|Maushold-Four, L50|\n|poke|p1|Flutter Mane, L50|\n|poke|p1|Dragonite, L50, F|\n|poke|p2|Iron Hands, L50|\n|poke|p2|Palafin, L50, F|\n|poke|p2|Arcanine, L50, M|\n|poke|p2|Flutter Mane, L50|\n|poke|p2|Chi-Yu, L50|\n|poke|p2|Amoonguss, L50, F|\n|teampreview|4\nAlaskan_fisher has agreed to open team sheets.\n|\n|t:|1682772711\n|start\n|switch|p1a: Annihilape|Annihilape, L50, M|100\/100\n|switch|p1b: Maushold|Maushold-Four, L50|100\/100\n|switch|p2a: Flutter Mane|Flutter Mane, L50|100\/100\n|switch|p2b: Chi-Yu|Chi-Yu, L50|100\/100\n|-ability|p2b: Chi-Yu|Beads of Ruin\n|turn|1\n|\n|t:|1682772759\n|move|p1b: Maushold|Protect|p1b: Maushold\n|-singleturn|p1b: Maushold|Protect\n|move|p2b: Chi-Yu|Flamethrower|p1a: Annihilape\n|-damage|p1a: Annihilape|60\/100\n|move|p2a: Flutter Mane|Dazzling Gleam|p1a: Annihilape|[spread] p1a\n|-activate|p1b: Maushold|move: Protect\n|-supereffective|p1a: Annihilape\n|-damage|p1a: Annihilape|0 fnt\n|faint|p1a: Annihilape\n|\n|upkeep\n|-message|abar12345 forfeited.\n|\n|win|Alaskan_fisher\n|raw|abar12345's rating: 1399 → 1379<\/strong> (-20 for losing)\n|raw|Alaskan_fisher's rating: 1404 → 1424<\/strong> (+20 for winning)\n|l|\u203dabar12345\n","uploadtime":1682772938,"views":21,"p1id":"abar12345","p2id":"alaskanfisher","formatid":"gen9vgc2023regulationc","rating":1379,"private":0,"password":""}