{"id":"gen9vgc2023regulationc-1853344176","p1":"haha u rage quit","p2":"chueso87","format":"[Gen 9] VGC 2023 Regulation C","log":"|j|\u2606haha u rage quit\n|j|\u2606chueso87\n|t:|1682671533\n|gametype|doubles\n|player|p1|haha u rage quit|pokemaniac|1294\n|player|p2|chueso87|169|1353\n|teamsize|p1|6\n|teamsize|p2|6\n|gen|9\n|tier|[Gen 9] VGC 2023 Regulation C\n|rated|\n|rule|Species Clause: Limit one of each Pok\u00e9mon\n|rule|Item Clause: Limit one of each item\n|clearpoke\n|poke|p1|Roaring Moon, L50|\n|poke|p1|Hippowdon, L50, M|\n|poke|p1|Tyranitar, L50, M|\n|poke|p1|Great Tusk, L50|\n|poke|p1|Garchomp, L50, M|\n|poke|p1|Lycanroc, L50, M|\n|poke|p2|Lilligant, L50, F|\n|poke|p2|Torkoal, L50, M|\n|poke|p2|Flutter Mane, L50|\n|poke|p2|Kingambit, L50, F|\n|poke|p2|Dragonite, L50, F|\n|poke|p2|Great Tusk, L50|\n|teampreview|4\n|inactive|Battle timer is ON: inactive players will automatically lose when time's up. (requested by chueso87)\nchueso87 rejected open team sheets.\n|j| PerryL'Ornitorinco\n|\n|t:|1682671578\n|start\n|switch|p1a: Roaring Moon|Roaring Moon, L50|100\/100\n|switch|p1b: Garchomp|Garchomp, L50, M|100\/100\n|switch|p2a: Lilligant|Lilligant, L50, F, shiny|100\/100\n|switch|p2b: Torkoal|Torkoal, L50, M, shiny|100\/100\n|-weather|SunnyDay|[from] ability: Drought|[of] p2b: Torkoal\n|-activate|p1a: Roaring Moon|ability: Protosynthesis\n|-start|p1a: Roaring Moon|protosynthesisspe\n|turn|1\n|inactive|haha u rage quit has 30 seconds left.\n|\n|t:|1682671603\n|switch|p1b: Tyranitar|Tyranitar, L50, M|100\/100\n|-weather|Sandstorm|[from] ability: Sand Stream|[of] p1b: Tyranitar\n|-end|p1a: Roaring Moon|Protosynthesis\n|-enditem|p1a: Roaring Moon|Booster Energy\n|-activate|p1a: Roaring Moon|ability: Protosynthesis|[fromitem]\n|-start|p1a: Roaring Moon|protosynthesisspe\n|move|p1a: Roaring Moon|Acrobatics|p2a: Lilligant\n|-supereffective|p2a: Lilligant\n|-enditem|p2a: Lilligant|Focus Sash\n|-damage|p2a: Lilligant|1\/100\n|move|p2a: Lilligant|Sleep Powder|p1a: Roaring Moon\n|-status|p1a: Roaring Moon|slp|[from] move: Sleep Powder\n|move|p2b: Torkoal|Earth Power|p1b: Tyranitar\n|-supereffective|p1b: Tyranitar\n|-damage|p1b: Tyranitar|76\/100\n|\n|-weather|Sandstorm|[upkeep]\n|-damage|p1a: Roaring Moon|95\/100 slp|[from] Sandstorm\n|-damage|p2a: Lilligant|0 fnt|[from] Sandstorm\n|-damage|p2b: Torkoal|94\/100|[from] Sandstorm\n|faint|p2a: Lilligant\n|upkeep\n|\n|t:|1682671623\n|switch|p2a: Flutter Mane|Flutter Mane, L50, shiny|100\/100\n|turn|2\n|\n|t:|1682671634\n|-terastallize|p1b: Tyranitar|Flying\n|cant|p1a: Roaring Moon|slp\n|move|p2a: Flutter Mane|Dazzling Gleam|p1b: Tyranitar|[spread] p1a,p1b\n|-supereffective|p1a: Roaring Moon\n|-damage|p1a: Roaring Moon|0 fnt\n|-damage|p1b: Tyranitar|44\/100\n|faint|p1a: Roaring Moon\n|-end|p1a: Roaring Moon|Protosynthesis|[silent]\n|move|p1b: Tyranitar|Heavy Slam|p2a: Flutter Mane\n|-supereffective|p2a: Flutter Mane\n|-damage|p2a: Flutter Mane|0 fnt\n|faint|p2a: Flutter Mane\n|-end|p2a: Flutter Mane|Protosynthesis|[silent]\n|move|p2b: Torkoal|Earth Power|p1b: Tyranitar\n|-immune|p1b: Tyranitar\n|\n|-weather|Sandstorm|[upkeep]\n|-damage|p1b: Tyranitar|38\/100|[from] Sandstorm\n|-damage|p2b: Torkoal|88\/100|[from] Sandstorm\n|upkeep\n|inactive|chueso87 has 30 seconds left.\n|l|\u2606chueso87\n|inactive|chueso87 disconnected and has a minute to reconnect!\n|player|p2|\n|inactive|chueso87 has 20 seconds left.\n|c| PerryL'Ornitorinco|well\n|inactive|chueso87 has 15 seconds left.\n|c| PerryL'Ornitorinco|he did rage quit\n|inactive|chueso87 has 10 seconds left.\n|c| PerryL'Ornitorinco|the profecy came true\n|inactive|chueso87 has 5 seconds left.\n|-message|chueso87 lost due to inactivity.\n|\n|win|haha u rage quit\n|raw|haha u rage quit's rating: 1294 → 1323<\/strong> (+29 for winning)\n|raw|chueso87's rating: 1353 → 1330<\/strong> (-23 for losing)\n|l| PerryL'Ornitorinco\n","uploadtime":1682671695,"views":6,"p1id":"hahauragequit","p2id":"chueso87","formatid":"gen9vgc2023regulationc","rating":1323,"private":0,"password":""}