{"id":"gen9vgc2023regulationc-1860702395","p1":"Dual Tip","p2":"Free Incineroar","format":"[Gen 9] VGC 2023 Regulation C","log":"|j|\u2606Dual Tip\n|j|\u2606Free Incineroar\n|t:|1683667904\n|gametype|doubles\n|player|p1|Dual Tip|skierf|1292\n|player|p2|Free Incineroar|harlequin|1305\n|teamsize|p1|6\n|teamsize|p2|6\n|gen|9\n|tier|[Gen 9] VGC 2023 Regulation C\n|rated|\n|rule|Species Clause: Limit one of each Pok\u00e9mon\n|rule|Item Clause: Limit one of each item\n|clearpoke\n|poke|p1|Abomasnow, L50, F|\n|poke|p1|Ting-Lu, L50|\n|poke|p1|Talonflame, L50, F|\n|poke|p1|Iron Bundle, L50|\n|poke|p1|Annihilape, L50, F|\n|poke|p1|Grimmsnarl, L50, M|\n|poke|p2|Glimmora, L50, F|\n|poke|p2|Ting-Lu, L50|\n|poke|p2|Wo-Chien, L50|\n|poke|p2|Arcanine, L50, M|\n|poke|p2|Palafin, L50, F|\n|poke|p2|Dragonite, L50, F|\n|teampreview|4\n|inactive|Battle timer is ON: inactive players will automatically lose when time's up. (requested by Free Incineroar)\nFree Incineroar has agreed to open team sheets.\n|inactive|Free Incineroar has 60 seconds left.\n|\n|t:|1683667948\n|start\n|switch|p1a: Grimmsnarl|Grimmsnarl, L50, M|100\/100\n|switch|p1b: Krampus|Annihilape, L50, F, shiny|100\/100\n|switch|p2a: Glimmora|Glimmora, L50, F|100\/100\n|switch|p2b: Ting-Lu|Ting-Lu, L50|100\/100\n|-ability|p2b: Ting-Lu|Vessel of Ruin\n|turn|1\n|\n|t:|1683667969\n|switch|p2b: Palafin|Palafin, L50, F|100\/100\n|move|p1a: Grimmsnarl|Misty Terrain|p1a: Grimmsnarl\n|-fieldstart|move: Misty Terrain\n|-enditem|p1b: Krampus|Misty Seed\n|-boost|p1b: Krampus|spd|1|[from] item: Misty Seed\n|move|p2a: Glimmora|Mortal Spin|p1b: Krampus|[spread] p1a,p1b\n|-supereffective|p1a: Grimmsnarl\n|-resisted|p1b: Krampus\n|-damage|p1a: Grimmsnarl|89\/100\n|-damage|p1b: Krampus|98\/100\n|move|p1b: Krampus|Bulk Up|p1b: Krampus\n|-boost|p1b: Krampus|atk|1\n|-boost|p1b: Krampus|def|1\n|\n|upkeep\n|turn|2\n|inactive|Free Incineroar has 30 seconds left.\n|c|\u2606Free Incineroar|nice tech my g\n|inactive|Free Incineroar has 20 seconds left.\n|c|\u2606Free Incineroar|whata player\n|c|\u2606Dual Tip|ty\n|inactive|Free Incineroar has 15 seconds left.\n|inactive|Free Incineroar has 10 seconds left.\n|inactive|Free Incineroar has 5 seconds left.\n|c|\u2606Free Incineroar|900000 games no open sheet\n|\n|t:|1683668024\n|move|p2a: Glimmora|Spiky Shield|p2a: Glimmora\n|-singleturn|p2a: Glimmora|move: Protect\n|move|p2b: Palafin|Protect|p2b: Palafin\n|-singleturn|p2b: Palafin|Protect\n|move|p1a: Grimmsnarl|Sucker Punch|p1b: Krampus\n|-damage|p1b: Krampus|77\/100\n|move|p1b: Krampus|Rage Fist|p2b: Palafin\n|-activate|p2b: Palafin|move: Protect\n|\n|upkeep\n|turn|3\n|c|\u2606Free Incineroar|boring ass shit game\n|c|\u2606Dual Tip|get good\n|c|\u2606Free Incineroar|i have to\n|c|\u2606Free Incineroar|face\n|c|\u2606Free Incineroar|600game\n|c|\u2606Free Incineroar|hardstuck boring ass\n|c|\u2606Free Incineroar|cheese shit\n|c|\u2606Free Incineroar|strats\n|c|\u2606Free Incineroar|xd\n|inactive|Dual Tip has 30 seconds left.\n|inactive|Free Incineroar has 30 seconds left.\n|-message|Free Incineroar forfeited.\n|\n|win|Dual Tip\n|raw|Dual Tip's rating: 1292 → 1318<\/strong> (+26 for winning)\n|raw|Free Incineroar's rating: 1305 → 1284<\/strong> (-21 for losing)\n|l|\u2606Free Incineroar\n","uploadtime":1683668029,"views":14,"p1id":"dualtip","p2id":"freeincineroar","formatid":"gen9vgc2023regulationc","rating":1284,"private":0,"password":""}