{"id":"gen9vgc2023regulationc-1847130749","p1":"Sadkeum","p2":"cellestee","format":"[Gen 9] VGC 2023 Regulation C","log":"|j|\u2606Sadkeum\n|j|\u203dcellestee\n|t:|1681921602\n|gametype|doubles\n|player|p1|Sadkeum|169|1106\n|player|p2|cellestee|acetrainerf|1070\n|teamsize|p1|6\n|teamsize|p2|6\n|gen|9\n|tier|[Gen 9] VGC 2023 Regulation C\n|rated|\n|rule|Species Clause: Limit one of each Pok\u00e9mon\n|rule|Item Clause: Limit one of each item\n|clearpoke\n|poke|p1|Maushold-Four, L50|\n|poke|p1|Roaring Moon, L50|\n|poke|p1|Arcanine, L50, F|\n|poke|p1|Meowscarada, L50, M|\n|poke|p1|Chien-Pao, L50|\n|poke|p1|Flutter Mane, L50|\n|poke|p2|Palafin, L50, F|\n|poke|p2|Flutter Mane, L50|\n|poke|p2|Volcarona, L50, F|\n|poke|p2|Amoonguss, L50, M|\n|poke|p2|Meowscarada, L50, M|\n|poke|p2|Ting-Lu, L50|\n|teampreview|4\n|inactive|Battle timer is ON: inactive players will automatically lose when time's up. (requested by Sadkeum)\n|inactive|Sadkeum has 60 seconds left.\n|\n|t:|1681921670\n|start\n|switch|p1a: Roaring Moon|Roaring Moon, L50|100\/100\n|switch|p1b: Meowscarada|Meowscarada, L50, M|100\/100\n|switch|p2a: Flutter Mane|Flutter Mane, L50, shiny|100\/100\n|switch|p2b: Volcarona|Volcarona, L50, F, shiny|100\/100\n|-enditem|p1a: Roaring Moon|Booster Energy\n|-activate|p1a: Roaring Moon|ability: Protosynthesis|[fromitem]\n|-start|p1a: Roaring Moon|protosynthesisspe\n|turn|1\n|inactive|Sadkeum has 30 seconds left.\n|\n|t:|1681921697\n|move|p2b: Volcarona|Rage Powder|p2b: Volcarona\n|-singleturn|p2b: Volcarona|move: Rage Powder\n|move|p1a: Roaring Moon|Tailwind|p1a: Roaring Moon\n|-sidestart|p1: Sadkeum|move: Tailwind\n|move|p1b: Meowscarada|U-turn|p2a: Flutter Mane\n|-start|p1b: Meowscarada|typechange|Bug|[from] ability: Protean\n|-resisted|p2a: Flutter Mane\n|-damage|p2a: Flutter Mane|75\/100\n|\n|t:|1681921707\n|switch|p1b: Arcanine|Arcanine, L50, F|100\/100|[from] U-turn\n|-ability|p1b: Arcanine|Intimidate|boost\n|-unboost|p2a: Flutter Mane|atk|1\n|-unboost|p2b: Volcarona|atk|1\n|move|p2a: Flutter Mane|Dazzling Gleam|p1a: Roaring Moon|[spread] p1a,p1b\n|-supereffective|p1a: Roaring Moon\n|-resisted|p1b: Arcanine\n|-damage|p1a: Roaring Moon|0 fnt\n|-damage|p1b: Arcanine|72\/100\n|faint|p1a: Roaring Moon\n|-end|p1a: Roaring Moon|Protosynthesis|[silent]\n|\n|upkeep\n|\n|t:|1681921718\n|switch|p1a: Meowscarada|Meowscarada, L50, M|100\/100\n|turn|2\n|\n|t:|1681921731\n|-end|p2a: Flutter Mane|Protosynthesis|[silent]\n|switch|p2a: Palafin|Palafin, L50, F, shiny|100\/100\n|move|p1a: Meowscarada|Knock Off|p2a: Palafin\n|-start|p1a: Meowscarada|typechange|Dark|[from] ability: Protean\n|-damage|p2a: Palafin|15\/100\n|-enditem|p2a: Palafin|Mystic Water|[from] move: Knock Off|[of] p1a: Meowscarada\n|move|p1b: Arcanine|Snarl|p2b: Volcarona|[spread] p2a,p2b\n|-crit|p2a: Palafin\n|-damage|p2a: Palafin|0 fnt\n|-damage|p2b: Volcarona|93\/100\n|-unboost|p2b: Volcarona|spa|1\n|faint|p2a: Palafin\n|move|p2b: Volcarona|Quiver Dance|p2b: Volcarona\n|-boost|p2b: Volcarona|spa|1\n|-boost|p2b: Volcarona|spd|1\n|-boost|p2b: Volcarona|spe|1\n|\n|upkeep\n|\n|t:|1681921742\n|switch|p2a: Flutter Mane|Flutter Mane, L50, shiny|75\/100\n|turn|3\n|inactive|cellestee has 30 seconds left.\n|\n|t:|1681921768\n|move|p1a: Meowscarada|Knock Off|p2b: Volcarona\n|-damage|p2b: Volcarona|18\/100\n|-enditem|p2b: Volcarona|Coba Berry|[from] move: Knock Off|[of] p1a: Meowscarada\n|move|p1b: Arcanine|Snarl|p2a: Flutter Mane|[spread] p2a,p2b\n|-damage|p2a: Flutter Mane|67\/100\n|-damage|p2b: Volcarona|13\/100\n|-unboost|p2a: Flutter Mane|spa|1\n|-unboost|p2b: Volcarona|spa|1\n|move|p2b: Volcarona|Quiver Dance|p2b: Volcarona\n|-boost|p2b: Volcarona|spa|1\n|-boost|p2b: Volcarona|spd|1\n|-boost|p2b: Volcarona|spe|1\n|move|p2a: Flutter Mane|Shadow Ball|p1b: Arcanine\n|-damage|p1b: Arcanine|26\/100\n|\n|upkeep\n|turn|4\n|\n|t:|1681921789\n|-terastallize|p2b: Volcarona|Grass\n|move|p1b: Arcanine|Protect|p1b: Arcanine\n|-singleturn|p1b: Arcanine|Protect\n|move|p1a: Meowscarada|Knock Off|p2b: Volcarona\n|-damage|p2b: Volcarona|0 fnt\n|faint|p2b: Volcarona\n|move|p2a: Flutter Mane|Shadow Ball|p1b: Arcanine\n|-activate|p1b: Arcanine|move: Protect\n|\n|-sideend|p1: Sadkeum|move: Tailwind\n|upkeep\n|-message|cellestee forfeited.\n|\n|win|Sadkeum\n|raw|Sadkeum's rating: 1106 → 1128<\/strong> (+22 for winning)\n|raw|cellestee's rating: 1070 → 1052<\/strong> (-18 for losing)\n|l|\u203dcellestee\n","uploadtime":1681921885,"views":7,"p1id":"sadkeum","p2id":"cellestee","formatid":"gen9vgc2023regulationc","rating":1052,"private":0,"password":""}