{"id":"gen9vgc2023regulationc-1862327879","p1":"Ekans36","p2":"Alexis_student","format":"[Gen 9] VGC 2023 Regulation C","log":"|j|\u2606Ekans36\n|j|\u2606Alexis_student\n|t:|1683866523\n|gametype|doubles\n|player|p1|Ekans36|170|1201\n|player|p2|Alexis_student|170|1172\n|teamsize|p1|6\n|teamsize|p2|6\n|gen|9\n|tier|[Gen 9] VGC 2023 Regulation C\n|rated|\n|rule|Species Clause: Limit one of each Pok\u00e9mon\n|rule|Item Clause: Limit one of each item\n|clearpoke\n|poke|p1|Wo-Chien, L50|\n|poke|p1|Chi-Yu, L50|\n|poke|p1|Tinkaton, L50, F|\n|poke|p1|Jumpluff, L50, M|\n|poke|p1|Torkoal, L50, M|\n|poke|p1|Flutter Mane, L50|\n|poke|p2|Chi-Yu, L50|\n|poke|p2|Flutter Mane, L50|\n|poke|p2|Gyarados, L50, F|\n|poke|p2|Iron Hands, L50|\n|poke|p2|Dragonite, L50, M|\n|poke|p2|Amoonguss, L50, M|\n|teampreview|4\n|inactive|Battle timer is ON: inactive players will automatically lose when time's up. (requested by Alexis_student)\n|\n|t:|1683866588\n|start\n|switch|p1a: Tinkaton|Tinkaton, L50, F|100\/100\n|switch|p1b: Torkoal|Torkoal, L50, M|100\/100\n|switch|p2a: Flutter Mane|Flutter Mane, L50|100\/100\n|switch|p2b: Dragonite|Dragonite, L50, M|100\/100\n|-ability|p1a: Tinkaton|Mold Breaker\n|-weather|SunnyDay|[from] ability: Drought|[of] p1b: Torkoal\n|-activate|p2a: Flutter Mane|ability: Protosynthesis\n|-start|p2a: Flutter Mane|protosynthesisspa\n|turn|1\n|inactive|Alexis_student has 30 seconds left.\n|\n|t:|1683866619\n|move|p2a: Flutter Mane|Shadow Ball|p1a: Tinkaton\n|-damage|p1a: Tinkaton|37\/100\n|-unboost|p1a: Tinkaton|spd|1\n|-damage|p2a: Flutter Mane|91\/100|[from] item: Life Orb\n|move|p2b: Dragonite|Dragon Dance|p2b: Dragonite\n|-boost|p2b: Dragonite|atk|1\n|-boost|p2b: Dragonite|spe|1\n|move|p1a: Tinkaton|Gigaton Hammer|p2a: Flutter Mane\n|-supereffective|p2a: Flutter Mane\n|-damage|p2a: Flutter Mane|0 fnt\n|faint|p2a: Flutter Mane\n|-end|p2a: Flutter Mane|Protosynthesis|[silent]\n|move|p1b: Torkoal|Will-O-Wisp|p2b: Dragonite\n|-status|p2b: Dragonite|brn\n|-enditem|p2b: Dragonite|Lum Berry|[eat]\n|-curestatus|p2b: Dragonite|brn|[msg]\n|\n|-weather|SunnyDay|[upkeep]\n|upkeep\n|\n|t:|1683866639\n|switch|p2a: Chi-Yu|Chi-Yu, L50|100\/100\n|-ability|p2a: Chi-Yu|Beads of Ruin\n|turn|2\n|\n|t:|1683866651\n|-terastallize|p2b: Dragonite|Flying\n|move|p2b: Dragonite|Tera Blast|p1b: Torkoal\n|-crit|p1b: Torkoal\n|-damage|p1b: Torkoal|11\/100\n|move|p2a: Chi-Yu|Flamethrower|p1a: Tinkaton\n|-supereffective|p1a: Tinkaton\n|-damage|p1a: Tinkaton|0 fnt\n|faint|p1a: Tinkaton\n|move|p1b: Torkoal|Will-O-Wisp|p2b: Dragonite\n|-status|p2b: Dragonite|brn\n|\n|-weather|SunnyDay|[upkeep]\n|-damage|p2b: Dragonite|95\/100 brn|[from] brn\n|upkeep\n|inactive|Ekans36 has 30 seconds left.\n|\n|t:|1683866680\n|switch|p1a: Flutter Mane|Flutter Mane, L50|100\/100\n|-activate|p1a: Flutter Mane|ability: Protosynthesis\n|-start|p1a: Flutter Mane|protosynthesisspe\n|turn|3\n|\n|t:|1683866693\n|move|p1b: Torkoal|Helping Hand|p1a: Flutter Mane\n|-singleturn|p1a: Flutter Mane|Helping Hand|[of] p1b: Torkoal\n|move|p1a: Flutter Mane|Power Gem|p2a: Chi-Yu\n|-supereffective|p2a: Chi-Yu\n|-enditem|p2a: Chi-Yu|Focus Sash\n|-damage|p2a: Chi-Yu|1\/100\n|move|p2b: Dragonite|Tera Blast|p1a: Flutter Mane\n|-damage|p1a: Flutter Mane|27\/100\n|move|p2a: Chi-Yu|Dark Pulse|p1b: Torkoal\n|-damage|p1b: Torkoal|0 fnt\n|faint|p1b: Torkoal\n|\n|-weather|SunnyDay|[upkeep]\n|-damage|p2b: Dragonite|89\/100 brn|[from] brn\n|upkeep\n|\n|t:|1683866706\n|switch|p1b: Jumpluff|Jumpluff, L50, M|100\/100\n|turn|4\n|\n|t:|1683866718\n|move|p1b: Jumpluff|Pollen Puff|p1a: Flutter Mane\n|-heal|p1a: Flutter Mane|76\/100\n|move|p1a: Flutter Mane|Power Gem|p2a: Chi-Yu\n|-supereffective|p2a: Chi-Yu\n|-damage|p2a: Chi-Yu|0 fnt\n|faint|p2a: Chi-Yu\n|move|p2b: Dragonite|Tera Blast|p1a: Flutter Mane\n|-damage|p1a: Flutter Mane|0 fnt\n|faint|p1a: Flutter Mane\n|-end|p1a: Flutter Mane|Protosynthesis|[silent]\n|\n|-weather|SunnyDay|[upkeep]\n|-damage|p2b: Dragonite|83\/100 brn|[from] brn\n|upkeep\n|-message|Ekans36 forfeited.\n|\n|win|Alexis_student\n|raw|Ekans36's rating: 1201 → 1174<\/strong> (-27 for losing)\n|raw|Alexis_student's rating: 1172 → 1199<\/strong> (+27 for winning)\n|l|\u2606Ekans36\n","uploadtime":1683866735,"views":13,"p1id":"ekans36","p2id":"alexisstudent","formatid":"gen9vgc2023regulationc","rating":1174,"private":0,"password":""}