{"id":"gen9vgc2023regulationc-1846303793","p1":"DarkwlfVGC","p2":"CaptainLatios","format":"[Gen 9] VGC 2023 Regulation C","log":"|j|\u2606DarkwlfVGC\n|j|\u2606CaptainLatios\n|t:|1681830016\n|gametype|doubles\n|player|p1|DarkwlfVGC|rocketgrunt|1114\n|player|p2|CaptainLatios|caitlin-masters|1112\n|teamsize|p1|6\n|teamsize|p2|6\n|gen|9\n|tier|[Gen 9] VGC 2023 Regulation C\n|rated|\n|rule|Species Clause: Limit one of each Pok\u00e9mon\n|rule|Item Clause: Limit one of each item\n|clearpoke\n|poke|p1|Klefki, L50, M|\n|poke|p1|Arcanine, L50, F|\n|poke|p1|Amoonguss, L50, F|\n|poke|p1|Dragonite, L50, M|\n|poke|p1|Barraskewda, L50, M|\n|poke|p1|Gyarados, L50, F|\n|poke|p2|Indeedee-F, L50, F|\n|poke|p2|Armarouge, L50, M|\n|poke|p2|Palafin, L50, F|\n|poke|p2|Chien-Pao, L50|\n|poke|p2|Gholdengo, L50|\n|poke|p2|Great Tusk, L50|\n|teampreview|4\n|inactive|Battle timer is ON: inactive players will automatically lose when time's up. (requested by DarkwlfVGC)\nDarkwlfVGC has agreed to open team sheets.\n|inactive|DarkwlfVGC has 60 seconds left.\n|inactive|CaptainLatios has 60 seconds left.\n|\n|t:|1681830060\n|start\n|switch|p1a: Fish from Nemo|Barraskewda, L50, M|100\/100\n|switch|p1b: Lock|Klefki, L50, M|100\/100\n|switch|p2a: Palafin|Palafin, L50, F|100\/100\n|switch|p2b: Armarouge|Armarouge, L50, M|100\/100\n|turn|1\n|inactive|CaptainLatios has 30 seconds left.\n|\n|t:|1681830092\n|move|p1b: Lock|Light Screen|p1b: Lock\n|-sidestart|p1: DarkwlfVGC|move: Light Screen\n|move|p2a: Palafin|Flip Turn|p2b: Armarouge\n|-supereffective|p2b: Armarouge\n|-damage|p2b: Armarouge|67\/100\n|-ability|p2b: Armarouge|Weak Armor|boost\n|-unboost|p2b: Armarouge|def|1\n|-boost|p2b: Armarouge|spe|2\n|-enditem|p2b: Armarouge|Weakness Policy\n|-boost|p2b: Armarouge|atk|2|[from] item: Weakness Policy\n|-boost|p2b: Armarouge|spa|2|[from] item: Weakness Policy\n|\n|t:|1681830095\n|detailschange|p2a: Palafin|Palafin-Hero, L50, F\n|switch|p2a: Indeedee|Indeedee-F, L50, F|100\/100|[from] Flip Turn\n|-fieldstart|move: Psychic Terrain|[from] ability: Psychic Surge|[of] p2a: Indeedee\n|move|p2b: Armarouge|Expanding Force|p1a: Fish from Nemo|[spread] p1a,p1b\n|-resisted|p1b: Lock\n|-damage|p1a: Fish from Nemo|0 fnt\n|-damage|p1b: Lock|53\/100\n|faint|p1a: Fish from Nemo\n|\n|upkeep\n|\n|t:|1681830115\n|switch|p1a: Water Snek|Gyarados, L50, F|100\/100\n|-ability|p1a: Water Snek|Intimidate|boost\n|-unboost|p2a: Indeedee|atk|1\n|-unboost|p2b: Armarouge|atk|1\n|turn|2\n|\n|t:|1681830126\n|move|p2a: Indeedee|Follow Me|p2a: Indeedee\n|-singleturn|p2a: Indeedee|move: Follow Me\n|move|p1b: Lock|Reflect|p1b: Lock\n|-sidestart|p1: DarkwlfVGC|Reflect\n|move|p2b: Armarouge|Expanding Force|p1a: Water Snek|[spread] p1a,p1b\n|-resisted|p1b: Lock\n|-damage|p1a: Water Snek|32\/100\n|-damage|p1b: Lock|9\/100\n|move|p1a: Water Snek|Thunder Wave|p2a: Indeedee\n|-status|p2a: Indeedee|par\n|\n|upkeep\n|turn|3\n|\n|t:|1681830146\n|move|p2a: Indeedee|Follow Me|p2a: Indeedee\n|-singleturn|p2a: Indeedee|move: Follow Me\n|move|p2b: Armarouge|Expanding Force|p1a: Water Snek|[spread] p1a,p1b\n|-resisted|p1b: Lock\n|-damage|p1a: Water Snek|0 fnt\n|-damage|p1b: Lock|0 fnt\n|faint|p1a: Water Snek\n|faint|p1b: Lock\n|\n|upkeep\n|c|\u2606DarkwlfVGC|gg\n|\n|t:|1681830155\n|switch|p1b: Subwoofer|Arcanine, L50, F|100\/100\n|-ability|p1b: Subwoofer|Intimidate|boost\n|-unboost|p2a: Indeedee|atk|1\n|-unboost|p2b: Armarouge|atk|1\n|turn|4\n|c|\u2606CaptainLatios|gg\n|\n|t:|1681830169\n|move|p2a: Indeedee|Helping Hand|p2b: Armarouge\n|-singleturn|p2b: Armarouge|Helping Hand|[of] p2a: Indeedee\n|move|p1b: Subwoofer|Extreme Speed|p2b: Armarouge\n|-activate|p2b: Armarouge|move: Psychic Terrain\n|move|p2b: Armarouge|Expanding Force|p1b: Subwoofer\n|-damage|p1b: Subwoofer|0 fnt\n|faint|p1b: Subwoofer\n|\n|win|CaptainLatios\n|raw|DarkwlfVGC's rating: 1114 → 1089<\/strong> (-25 for losing)\n|raw|CaptainLatios's rating: 1112 → 1137<\/strong> (+25 for winning)\n","uploadtime":1681830185,"views":4,"p1id":"darkwlfvgc","p2id":"captainlatios","formatid":"gen9vgc2023regulationc","rating":1089,"private":0,"password":""}