{"id":"gen9vgc2023regulationc-1857208319","p1":"Xalvadore","p2":"AuroAlexis","format":"[Gen 9] VGC 2023 Regulation C","log":"|j|\u2606Xalvadore\n|j|\u2606AuroAlexis\n|t:|1683158163\n|gametype|doubles\n|player|p1|Xalvadore|marnie|1209\n|player|p2|AuroAlexis|acetrainercouple|1109\n|teamsize|p1|6\n|teamsize|p2|6\n|gen|9\n|tier|[Gen 9] VGC 2023 Regulation C\n|rated|\n|rule|Species Clause: Limit one of each Pok\u00e9mon\n|rule|Item Clause: Limit one of each item\n|clearpoke\n|poke|p1|Dragonite, L50, M|\n|poke|p1|Tyranitar, L50, M|\n|poke|p1|Gastrodon, L50, F|\n|poke|p1|Arcanine, L50, F|\n|poke|p1|Meowscarada, L50, F|\n|poke|p1|Corviknight, L50, F|\n|poke|p2|Murkrow, L50, F|\n|poke|p2|Great Tusk, L50|\n|poke|p2|Flutter Mane, L50|\n|poke|p2|Palafin, L50, M|\n|poke|p2|Chi-Yu, L50|\n|poke|p2|Brute Bonnet, L50|\n|teampreview|4\n|\n|t:|1683158184\n|start\n|switch|p1a: Tyranitar|Tyranitar, L50, M|100\/100\n|switch|p1b: Gastrodon|Gastrodon, L50, F|100\/100\n|switch|p2a: Palafin|Palafin, L50, M|100\/100\n|switch|p2b: Murkrow|Murkrow, L50, F|100\/100\n|-weather|Sandstorm|[from] ability: Sand Stream|[of] p1a: Tyranitar\n|turn|1\n|\n|t:|1683158197\n|move|p2b: Murkrow|Tailwind|p2b: Murkrow\n|-sidestart|p2: AuroAlexis|move: Tailwind\n|move|p2a: Palafin|Close Combat|p1a: Tyranitar\n|-supereffective|p1a: Tyranitar\n|-crit|p1a: Tyranitar\n|-damage|p1a: Tyranitar|0 fnt\n|-unboost|p2a: Palafin|def|1\n|-unboost|p2a: Palafin|spd|1\n|faint|p1a: Tyranitar\n|move|p1b: Gastrodon|Earth Power|p2a: Palafin\n|-damage|p2a: Palafin|23\/100\n|\n|-weather|Sandstorm|[upkeep]\n|-damage|p2a: Palafin|17\/100|[from] Sandstorm\n|-damage|p2b: Murkrow|95\/100|[from] Sandstorm\n|upkeep\n|\n|t:|1683158210\n|switch|p1a: Arcanine|Arcanine, L50, F|100\/100\n|-ability|p1a: Arcanine|Intimidate|boost\n|-unboost|p2a: Palafin|atk|1\n|-unboost|p2b: Murkrow|atk|1\n|turn|2\n|\n|t:|1683158219\n|detailschange|p2a: Palafin|Palafin-Hero, L50, M\n|switch|p2a: Great Tusk|Great Tusk, L50|100\/100\n|-enditem|p2a: Great Tusk|Booster Energy\n|-activate|p2a: Great Tusk|ability: Protosynthesis|[fromitem]\n|-start|p2a: Great Tusk|protosynthesisatk\n|move|p2b: Murkrow|Snarl|p1b: Gastrodon|[spread] p1a,p1b\n|-damage|p1a: Arcanine|90\/100\n|-damage|p1b: Gastrodon|87\/100\n|-unboost|p1a: Arcanine|spa|1\n|-unboost|p1b: Gastrodon|spa|1\n|move|p1a: Arcanine|Flare Blitz|p2b: Murkrow\n|-damage|p2b: Murkrow|33\/100\n|-damage|p1a: Arcanine|72\/100|[from] Recoil\n|move|p1b: Gastrodon|Earth Power|p2a: Great Tusk\n|-damage|p2a: Great Tusk|65\/100\n|\n|-weather|Sandstorm|[upkeep]\n|-damage|p2b: Murkrow|27\/100|[from] Sandstorm\n|upkeep\n|turn|3\n|\n|t:|1683158242\n|-terastallize|p1b: Gastrodon|Fairy\n|move|p2a: Great Tusk|Earthquake|p1a: Arcanine|[spread] p1a,p1b\n|-immune|p2b: Murkrow\n|-supereffective|p1a: Arcanine\n|-damage|p1a: Arcanine|0 fnt\n|-damage|p1b: Gastrodon|28\/100\n|-enditem|p1b: Gastrodon|Sitrus Berry|[eat]\n|-heal|p1b: Gastrodon|53\/100|[from] item: Sitrus Berry\n|faint|p1a: Arcanine\n|move|p2b: Murkrow|Snarl|p1b: Gastrodon\n|-resisted|p1b: Gastrodon\n|-damage|p1b: Gastrodon|45\/100\n|-unboost|p1b: Gastrodon|spa|1\n|move|p1b: Gastrodon|Tera Blast|p2b: Murkrow\n|-supereffective|p2b: Murkrow\n|-damage|p2b: Murkrow|0 fnt\n|faint|p2b: Murkrow\n|\n|-weather|Sandstorm|[upkeep]\n|-damage|p1b: Gastrodon|39\/100|[from] Sandstorm\n|upkeep\n|\n|t:|1683158258\n|switch|p1a: Meowscarada|Meowscarada, L50, F|100\/100\n|switch|p2b: Palafin|Palafin-Hero, L50, M|17\/100\n|-activate|p2b: Palafin|ability: Zero to Hero\n|turn|4\n|\n|t:|1683158267\n|move|p2b: Palafin|Close Combat|p1a: Meowscarada\n|-supereffective|p1a: Meowscarada\n|-damage|p1a: Meowscarada|0 fnt\n|-unboost|p2b: Palafin|def|1\n|-unboost|p2b: Palafin|spd|1\n|faint|p1a: Meowscarada\n|move|p2a: Great Tusk|Earthquake|p1b: Gastrodon|[spread] p2b,p1b\n|-damage|p2b: Palafin|0 fnt\n|-damage|p1b: Gastrodon|0 fnt\n|faint|p2b: Palafin\n|faint|p1b: Gastrodon\n|\n|win|AuroAlexis\n|raw|Xalvadore's rating: 1209 → 1177<\/strong> (-32 for losing)\n|raw|AuroAlexis's rating: 1109 → 1141<\/strong> (+32 for winning)\n|l|\u2606AuroAlexis\n|c|\u2606Xalvadore|gg\n","uploadtime":1683158285,"views":13,"p1id":"xalvadore","p2id":"auroalexis","formatid":"gen9vgc2023regulationc","rating":1141,"private":0,"password":""}