{"id":"gen9vgc2023regulationc-1851470858","p1":"ScrubShadedPurple","p2":"Inspire60","format":"[Gen 9] VGC 2023 Regulation C","log":"|j|\u2606ScrubShadedPurple\n|j|\u2606Inspire60\n|t:|1682447796\n|gametype|doubles\n|player|p1|ScrubShadedPurple|169|1145\n|player|p2|Inspire60|richboy-gen4|1101\n|teamsize|p1|6\n|teamsize|p2|4\n|gen|9\n|tier|[Gen 9] VGC 2023 Regulation C\n|rated|\n|rule|Species Clause: Limit one of each Pok\u00e9mon\n|rule|Item Clause: Limit one of each item\n|clearpoke\n|poke|p1|Dragapult, L50, M|\n|poke|p1|Chien-Pao, L50|\n|poke|p1|Amoonguss, L50, F|\n|poke|p1|Arcanine, L50, M|\n|poke|p1|Palafin, L50, F|\n|poke|p1|Flutter Mane, L50|\n|poke|p2|Appletun, L50, F|\n|poke|p2|Grafaiai, L50, M|\n|poke|p2|Wo-Chien, L50|\n|poke|p2|Espeon, L50, F|\n|teampreview|4\n|inactive|Battle timer is ON: inactive players will automatically lose when time's up. (requested by ScrubShadedPurple)\n|inactive|ScrubShadedPurple has 60 seconds left.\n|\n|t:|1682447833\n|start\n|switch|p1a: Chien-Pao|Chien-Pao, L50|100\/100\n|switch|p1b: Dragapult|Dragapult, L50, M|100\/100\n|switch|p2a: Appletun|Appletun, L50, F, shiny|100\/100\n|switch|p2b: Grafaiai|Grafaiai, L50, M|100\/100\n|-ability|p1a: Chien-Pao|Sword of Ruin\n|turn|1\n|\n|t:|1682447853\n|move|p1b: Dragapult|Dragon Darts|p2b: Grafaiai\n|-damage|p2b: Grafaiai|13\/100\n|-enditem|p2b: Grafaiai|Starf Berry|[eat]\n|-boost|p2b: Grafaiai|def|2|[from] item: Starf Berry\n|-anim|p1b: Dragapult|Dragon Darts|p2a: Appletun\n|-supereffective|p2a: Appletun\n|-damage|p2a: Appletun|0 fnt\n|faint|p2a: Appletun\n|move|p2b: Grafaiai|Fling|p2: Appletun|[notarget]\n|-fail|p2b: Grafaiai\n|move|p1a: Chien-Pao|Icicle Crash|p2b: Grafaiai\n|-damage|p2b: Grafaiai|0 fnt\n|faint|p2b: Grafaiai\n|\n|upkeep\n|-message|Inspire60 forfeited.\n|\n|win|ScrubShadedPurple\n|raw|ScrubShadedPurple's rating: 1145 → 1167<\/strong> (+22 for winning)\n|raw|Inspire60's rating: 1101 → 1079<\/strong> (-22 for losing)\n|l|\u2606Inspire60\n","uploadtime":1682447865,"views":6,"p1id":"scrubshadedpurple","p2id":"inspire60","formatid":"gen9vgc2023regulationc","rating":1079,"private":0,"password":""}