{"id":"gen9vgc2023regulationc-1861831598","p1":"Rossi420","p2":"ravingyoshi","format":"[Gen 9] VGC 2023 Regulation C","log":"|j|\u2606Rossi420\n|j|\u2606ravingyoshi\n|t:|1683813104\n|gametype|doubles\n|player|p1|Rossi420|170|1000\n|player|p2|ravingyoshi|zinzolin|1077\n|teamsize|p1|6\n|teamsize|p2|6\n|gen|9\n|tier|[Gen 9] VGC 2023 Regulation C\n|rated|\n|rule|Species Clause: Limit one of each Pok\u00e9mon\n|rule|Item Clause: Limit one of each item\n|clearpoke\n|poke|p1|Flutter Mane, L50|\n|poke|p1|Gholdengo, L50|\n|poke|p1|Amoonguss, L50, M|\n|poke|p1|Grimmsnarl, L50, M|\n|poke|p1|Baxcalibur, L50, M|\n|poke|p1|Armarouge, L50, M|\n|poke|p2|Pelipper, L50, M|\n|poke|p2|Dragonite, L50, M|\n|poke|p2|Golduck, L50, M|\n|poke|p2|Scizor, L50, F|\n|poke|p2|Toxicroak, L50, M|\n|poke|p2|Amoonguss, L50, M|\n|teampreview|4\n|\n|t:|1683813118\n|start\n|switch|p1a: Gholdengo|Gholdengo, L50|100\/100\n|switch|p1b: Grimmsnarl|Grimmsnarl, L50, M|100\/100\n|switch|p2a: Donner|Pelipper, L50, M|100\/100\n|switch|p2b: Blitzen|Golduck, L50, M|100\/100\n|-weather|RainDance|[from] ability: Drizzle|[of] p2a: Donner\n|turn|1\n|\n|t:|1683813149\n|move|p2b: Blitzen|Protect|p2b: Blitzen\n|-singleturn|p2b: Blitzen|Protect\n|move|p1a: Gholdengo|Make It Rain|p2a: Donner|[spread] p2a\n|-activate|p2b: Blitzen|move: Protect\n|-resisted|p2a: Donner\n|-damage|p2a: Donner|59\/100\n|-unboost|p1a: Gholdengo|spa|1\n|move|p1b: Grimmsnarl|Dark Pulse|p2b: Blitzen\n|-activate|p2b: Blitzen|move: Protect\n|move|p2a: Donner|Tailwind|p2a: Donner\n|-sidestart|p2: ravingyoshi|move: Tailwind\n|\n|-weather|RainDance|[upkeep]\n|upkeep\n|turn|2\n|\n|t:|1683813171\n|switch|p2a: Scout|Toxicroak, L50, M|100\/100\n|-terastallize|p2b: Blitzen|Water\n|move|p2b: Blitzen|Surf|p1b: Grimmsnarl|[spread] p1a,p1b\n|-immune|p2a: Scout|[from] ability: Dry Skin\n|-damage|p1a: Gholdengo|10\/100\n|-damage|p1b: Grimmsnarl|6\/100\n|-damage|p2b: Blitzen|91\/100|[from] item: Life Orb\n|move|p1a: Gholdengo|Make It Rain|p2a: Scout|[spread] p2a,p2b\n|-resisted|p2b: Blitzen\n|-damage|p2a: Scout|67\/100\n|-damage|p2b: Blitzen|64\/100\n|-unboost|p1a: Gholdengo|spa|1\n|move|p1b: Grimmsnarl|Dark Pulse|p2b: Blitzen\n|-damage|p2b: Blitzen|10\/100\n|\n|-weather|RainDance|[upkeep]\n|-heal|p2a: Scout|79\/100|[from] ability: Dry Skin\n|upkeep\n|turn|3\n|\n|t:|1683813219\n|move|p2b: Blitzen|Protect|p2b: Blitzen\n|-singleturn|p2b: Blitzen|Protect\n|move|p2a: Scout|Fake Out|p1b: Grimmsnarl\n|-damage|p1b: Grimmsnarl|0 fnt\n|faint|p1b: Grimmsnarl\n|move|p1a: Gholdengo|Make It Rain|p2a: Scout|[spread] p2a\n|-activate|p2b: Blitzen|move: Protect\n|-damage|p2a: Scout|53\/100\n|-unboost|p1a: Gholdengo|spa|1\n|\n|-weather|RainDance|[upkeep]\n|-heal|p2a: Scout|65\/100|[from] ability: Dry Skin\n|upkeep\n|\n|t:|1683813237\n|switch|p1b: Flutter Mane|Flutter Mane, L50|100\/100\n|turn|4\n|\n|t:|1683813245\n|move|p2b: Blitzen|Surf|p1b: Flutter Mane|[spread] p1a,p1b\n|-heal|p2a: Scout|90\/100|[from] ability: Dry Skin|[of] p2b: Blitzen\n|-damage|p1a: Gholdengo|0 fnt\n|-damage|p1b: Flutter Mane|17\/100\n|faint|p1a: Gholdengo\n|-damage|p2b: Blitzen|0 fnt|[from] item: Life Orb\n|faint|p2b: Blitzen\n|move|p2a: Scout|Poison Jab|p1b: Flutter Mane\n|-damage|p1b: Flutter Mane|0 fnt\n|faint|p1b: Flutter Mane\n|-end|p1b: Flutter Mane|Protosynthesis|[silent]\n|\n|-weather|RainDance|[upkeep]\n|-heal|p2a: Scout|100\/100|[from] ability: Dry Skin\n|-sideend|p2: ravingyoshi|move: Tailwind\n|upkeep\n|c|\u2606Rossi420|Hope u suck dick niger\n|c|\u2606Rossi420|Inbred\n|inactive|Battle timer is ON: inactive players will automatically lose when time's up. (requested by ravingyoshi)\n|l|\u2606Rossi420\n|inactive|Rossi420 disconnected and has a minute to reconnect!\n|player|p1|\n|inactive|Rossi420 has 30 seconds to reconnect!\n|inactive|Rossi420 has 20 seconds to reconnect!\n|inactive|Rossi420 has 15 seconds to reconnect!\n|inactive|Rossi420 has 10 seconds to reconnect!\n|inactive|Rossi420 has 5 seconds to reconnect!\n|-message|Rossi420 lost due to inactivity.\n|\n|win|ravingyoshi\n|raw|Rossi420's rating: 1000 → 1000<\/strong> (+0 for losing)\n|raw|ravingyoshi's rating: 1077 → 1099<\/strong> (+22 for winning)\n","uploadtime":1683813270,"views":9,"p1id":"rossi420","p2id":"ravingyoshi","formatid":"gen9vgc2023regulationc","rating":1000,"private":0,"password":""}