{"id":"gen9vgc2023regulationc-1852031465","p1":"AcrobatVGC","p2":"nik holo","format":"[Gen 9] VGC 2023 Regulation C","log":"|j|\u2606AcrobatVGC\n|j|\u2606nik holo\n|t:|1682518372\n|gametype|doubles\n|player|p1|AcrobatVGC|sada-ai|\n|player|p2|nik holo|101|\n|teamsize|p1|6\n|teamsize|p2|6\n|gen|9\n|tier|[Gen 9] VGC 2023 Regulation C\n|rated|Tournament battle\n|rule|Species Clause: Limit one of each Pok\u00e9mon\n|rule|Item Clause: Limit one of each item\n|clearpoke\n|poke|p1|Ting-Lu, L50|\n|poke|p1|Gyarados, L50, F|\n|poke|p1|Gothitelle, L50, M|\n|poke|p1|Iron Hands, L50|\n|poke|p1|Flutter Mane, L50|\n|poke|p1|Scream Tail, L50|\n|poke|p2|Hariyama, L50, F|\n|poke|p2|Farigiraf, L50, F|\n|poke|p2|Torkoal, L50, M|\n|poke|p2|Brute Bonnet, L50|\n|poke|p2|Iron Bundle, L50|\n|poke|p2|Flutter Mane, L50|\n|teampreview|4\n|raw| Open Team Sheet for AcrobatVGC<\/summary>Ting-Lu @ Clear Amulet Ability: Vessel of Ruin Level: 50 Tera Type: Poison - Stomping Tantrum - Rock Tomb - Heavy Slam - Protect Gyarados @ Lum Berry Ability: Intimidate Level: 50 Tera Type: Flying - Waterfall - Tera Blast - Taunt - Protect Gothitelle @ Sitrus Berry Ability: Shadow Tag Level: 50 Tera Type: Normal - Psychic - Fake Out - Trick Room - Protect Iron Hands @ Assault Vest Ability: Quark Drive Level: 50 Tera Type: Grass - Drain Punch - Wild Charge - Volt Switch - Fake Out Flutter Mane @ Choice Specs Ability: Protosynthesis Level: 50 Tera Type: Grass - Moonblast - Dazzling Gleam - Shadow Ball - Power Gem Scream Tail @ Booster Energy Ability: Protosynthesis Level: 50 Tera Type: Steel - Rock Tomb - Perish Song - Fake Tears - Protect <\/details><\/div> Open Team Sheet for nik holo<\/summary>Hariyama @ Assault Vest Ability: Thick Fat Level: 50 Tera Type: Dark - Close Combat - Fake Out - Feint - Knock Off Farigiraf @ Mental Herb Ability: Armor Tail Level: 50 Tera Type: Grass - Psychic - Trick Room - Helping Hand - Protect Torkoal @ Charcoal Ability: Drought Level: 50 Tera Type: Fire - Eruption - Flamethrower - Protect - Helping Hand Brute Bonnet @ Loaded Dice Ability: Protosynthesis Level: 50 Tera Type: Poison - Bullet Seed - Sucker Punch - Spore - Rage Powder Iron Bundle @ Booster Energy Ability: Quark Drive Level: 50 Tera Type: Ghost - Icy Wind - Freeze-Dry - Hydro Pump - Protect Flutter Mane @ Choice Specs Ability: Protosynthesis Level: 50 Tera Type: Fairy - Dazzling Gleam - Moonblast - Shadow Ball - Power Gem <\/details><\/div>\n|inactive|Battle timer is ON: inactive players will automatically lose when time's up. (requested by AcrobatVGC)\n|j| Eldegoss32\n|c|\u2606nik holo|glhf\n|c|\u2606AcrobatVGC|Glhf\n|inactive|AcrobatVGC has 60 seconds left.\n|\n|t:|1682518422\n|start\n|switch|p1a: Gothitelle|Gothitelle, L50, M|100\/100\n|switch|p1b: Flutter Mane|Flutter Mane, L50|100\/100\n|switch|p2a: Hariyama|Hariyama, L50, F|100\/100\n|switch|p2b: Farigiraf|Farigiraf, L50, F|100\/100\n|turn|1\n|j| pokeveteran04\n|\n|t:|1682518438\n|move|p1b: Flutter Mane|Moonblast|p2a: Hariyama\n|-supereffective|p2a: Hariyama\n|-damage|p2a: Hariyama|15\/100\n|-unboost|p2a: Hariyama|spa|1\n|move|p2a: Hariyama|Knock Off|p1a: Gothitelle\n|-supereffective|p1a: Gothitelle\n|-damage|p1a: Gothitelle|35\/100\n|-enditem|p1a: Gothitelle|Sitrus Berry|[from] move: Knock Off|[of] p2a: Hariyama\n|move|p1a: Gothitelle|Trick Room|p1a: Gothitelle\n|-fieldstart|move: Trick Room|[of] p1a: Gothitelle\n|move|p2b: Farigiraf|Trick Room|p2b: Farigiraf\n|-fieldend|move: Trick Room\n|\n|upkeep\n|turn|2\n|l| pokeveteran04\n|\n|t:|1682518455\n|move|p1b: Flutter Mane|Moonblast|p2b: Farigiraf\n|-damage|p2b: Farigiraf|23\/100\n|move|p1a: Gothitelle|Psychic|p2a: Hariyama\n|-supereffective|p2a: Hariyama\n|-damage|p2a: Hariyama|0 fnt\n|faint|p2a: Hariyama\n|move|p2b: Farigiraf|Trick Room|p2b: Farigiraf\n|-fieldstart|move: Trick Room|[of] p2b: Farigiraf\n|\n|upkeep\n|\n|t:|1682518461\n|switch|p2a: Torkoal|Torkoal, L50, M|100\/100\n|-weather|SunnyDay|[from] ability: Drought|[of] p2a: Torkoal\n|-activate|p1b: Flutter Mane|ability: Protosynthesis\n|-start|p1b: Flutter Mane|protosynthesisspa\n|turn|3\n|inactive|AcrobatVGC has 30 seconds left.\n|\n|t:|1682518490\n|switch|p1a: Ting-Lu|Ting-Lu, L50|100\/100\n|-ability|p1a: Ting-Lu|Vessel of Ruin\n|-terastallize|p2a: Torkoal|Fire\n|move|p2b: Farigiraf|Helping Hand|p2a: Torkoal\n|-singleturn|p2a: Torkoal|Helping Hand|[of] p2b: Farigiraf\n|move|p2a: Torkoal|Eruption|p1b: Flutter Mane|[spread] p1a,p1b\n|-crit|p1b: Flutter Mane\n|-damage|p1a: Ting-Lu|14\/100\n|-damage|p1b: Flutter Mane|0 fnt\n|faint|p1b: Flutter Mane\n|-end|p1b: Flutter Mane|Protosynthesis|[silent]\n|\n|-weather|SunnyDay|[upkeep]\n|upkeep\n|\n|t:|1682518499\n|switch|p1b: Iron Hands|Iron Hands, L50|100\/100\n|turn|4\n|\n|t:|1682518515\n|switch|p1a: Gothitelle|Gothitelle, L50, M|35\/100\n|move|p2b: Farigiraf|Helping Hand|p2a: Torkoal\n|-singleturn|p2a: Torkoal|Helping Hand|[of] p2b: Farigiraf\n|move|p2a: Torkoal|Eruption|p1b: Iron Hands|[spread] p1a,p1b\n|-damage|p1a: Gothitelle|0 fnt\n|-damage|p1b: Iron Hands|18\/100\n|faint|p1a: Gothitelle\n|move|p1b: Iron Hands|Drain Punch|p2b: Farigiraf\n|-crit|p2b: Farigiraf\n|-damage|p2b: Farigiraf|0 fnt\n|-heal|p1b: Iron Hands|28\/100|[from] drain|[of] p2b: Farigiraf\n|faint|p2b: Farigiraf\n|\n|-weather|SunnyDay|[upkeep]\n|upkeep\n|\n|t:|1682518527\n|switch|p2b: Flutter Mane|Flutter Mane, L50|100\/100\n|switch|p1a: Ting-Lu|Ting-Lu, L50|14\/100\n|-ability|p1a: Ting-Lu|Vessel of Ruin\n|-activate|p2b: Flutter Mane|ability: Protosynthesis\n|-start|p2b: Flutter Mane|protosynthesisspe\n|turn|5\n|j| TypicalAndyy\n|\n|t:|1682518547\n|move|p2a: Torkoal|Eruption|p1a: Ting-Lu|[spread] p1a,p1b\n|-damage|p1a: Ting-Lu|0 fnt\n|-damage|p1b: Iron Hands|0 fnt\n|faint|p1a: Ting-Lu\n|faint|p1b: Iron Hands\n|-end|p1b: Iron Hands|Quark Drive|[silent]\n|\n|win|nik holo\n|n|\u2606AcrobatVGC|acrobatvgc\n|n|\u2606nik holo|nikholo\n|n| Eldegoss32|eldegoss32\n|n| TypicalAndyy|typicalandyy\n","uploadtime":1682518548,"views":5,"p1id":"acrobatvgc","p2id":"nikholo","formatid":"gen9vgc2023regulationc","rating":0,"private":0,"password":""}