{"id":"gen9vgc2023regulationc-1859370073","p1":"Bnt162b2","p2":"fdf4544","format":"[Gen 9] VGC 2023 Regulation C","log":"|j|\u2606Bnt162b2\n|j|\u2606fdf4544\n|t:|1683449613\n|gametype|doubles\n|player|p1|Bnt162b2|102|1085\n|player|p2|fdf4544|102|1000\n|teamsize|p1|6\n|teamsize|p2|6\n|gen|9\n|tier|[Gen 9] VGC 2023 Regulation C\n|rated|\n|rule|Species Clause: Limit one of each Pok\u00e9mon\n|rule|Item Clause: Limit one of each item\n|clearpoke\n|poke|p1|Kingambit, L50, M|\n|poke|p1|Iron Bundle, L50|\n|poke|p1|Gyarados, L50, M|\n|poke|p1|Great Tusk, L50|\n|poke|p1|Gothitelle, L50, F|\n|poke|p1|Flutter Mane, L50|\n|poke|p2|Torkoal, L50, F|\n|poke|p2|Chi-Yu, L50|\n|poke|p2|Bronzong, L50|\n|poke|p2|Gastrodon, L50, F|\n|poke|p2|Grimmsnarl, L50, M|\n|poke|p2|Skeledirge, L50, M|\n|teampreview|4\n|inactive|Battle timer is ON: inactive players will automatically lose when time's up. (requested by fdf4544)\n|\n|t:|1683449648\n|start\n|switch|p1a: Gothitelle|Gothitelle, L50, F, shiny|100\/100\n|switch|p1b: Kingambit|Kingambit, L50, M, shiny|100\/100\n|switch|p2a: Grimmsnarl|Grimmsnarl, L50, M|100\/100\n|switch|p2b: Skeledirge|Skeledirge, L50, M|100\/100\n|turn|1\n|\n|t:|1683449666\n|move|p2b: Skeledirge|Protect|p2b: Skeledirge\n|-singleturn|p2b: Skeledirge|Protect\n|move|p1a: Gothitelle|Protect|p1a: Gothitelle\n|-singleturn|p1a: Gothitelle|Protect\n|move|p1b: Kingambit|Protect|p1b: Kingambit\n|-singleturn|p1b: Kingambit|Protect\n|move|p2a: Grimmsnarl|Trick|p1a: Gothitelle\n|-activate|p1a: Gothitelle|move: Protect\n|\n|upkeep\n|turn|2\n|inactive|Bnt162b2 has 30 seconds left.\n|\n|t:|1683449697\n|switch|p1a: Great Tusk|Great Tusk, L50|100\/100\n|-terastallize|p1b: Kingambit|Fire\n|move|p2a: Grimmsnarl|Trick|p1a: Great Tusk\n|-activate|p2a: Grimmsnarl|move: Trick|[of] p1a: Great Tusk\n|-item|p1a: Great Tusk|Lagging Tail|[from] move: Trick\n|-item|p2a: Grimmsnarl|Choice Scarf|[from] move: Trick\n|move|p2b: Skeledirge|Encore|p1b: Kingambit\n|-start|p1b: Kingambit|Encore\n|move|p1b: Kingambit|Protect||[still]\n|-fail|p1b: Kingambit\n|\n|upkeep\n|turn|3\n|inactive|Bnt162b2 has 30 seconds left.\n|-message|Bnt162b2 forfeited.\n|\n|win|fdf4544\n|raw|Bnt162b2's rating: 1085 → 1057<\/strong> (-28 for losing)\n|raw|fdf4544's rating: 1000 → 1050<\/strong> (+50 for winning)\n|l|\u2606Bnt162b2\n","uploadtime":1683449732,"views":12,"p1id":"bnt162b2","p2id":"fdf4544","formatid":"gen9vgc2023regulationc","rating":1050,"private":0,"password":""}