{"id":"gen9vgc2023regulationc-1849658961","p1":"Harris6","p2":"bravadomercenary","format":"[Gen 9] VGC 2023 Regulation C","log":"|j|\u2606Harris6\n|j|\u2606bravadomercenary\n|t:|1682227189\n|gametype|doubles\n|player|p1|Harris6|265|1228\n|player|p2|bravadomercenary|170|1226\n|teamsize|p1|6\n|teamsize|p2|6\n|gen|9\n|tier|[Gen 9] VGC 2023 Regulation C\n|rated|\n|rule|Species Clause: Limit one of each Pok\u00e9mon\n|rule|Item Clause: Limit one of each item\n|clearpoke\n|poke|p1|Chi-Yu, L50|\n|poke|p1|Slither Wing, L50|\n|poke|p1|Murkrow, L50, F|\n|poke|p1|Iron Bundle, L50|\n|poke|p1|Sableye, L50, M|\n|poke|p1|Salamence, L50, F|\n|poke|p2|Rabsca, L50, F|\n|poke|p2|Palafin, L50, F|\n|poke|p2|Flutter Mane, L50|\n|poke|p2|Chi-Yu, L50|\n|poke|p2|Maushold, L50|\n|poke|p2|Annihilape, L50, M|\n|teampreview|4\n|inactive|Battle timer is ON: inactive players will automatically lose when time's up. (requested by bravadomercenary)\n|inactive|Harris6 has 60 seconds left.\n|\n|t:|1682227222\n|start\n|switch|p1a: Sableye|Sableye, L50, M|100\/100\n|switch|p1b: Salamence|Salamence, L50, F|100\/100\n|switch|p2a: Palafin|Palafin, L50, F|100\/100\n|switch|p2b: Flutter Mane|Flutter Mane, L50|100\/100\n|turn|1\n|inactive|bravadomercenary has 30 seconds left.\n|\n|t:|1682227252\n|detailschange|p2a: Palafin|Palafin-Hero, L50, F\n|switch|p2a: Chi-Yu|Chi-Yu, L50|100\/100\n|-ability|p2a: Chi-Yu|Beads of Ruin\n|-terastallize|p2b: Flutter Mane|Fairy\n|-terastallize|p1b: Salamence|Steel\n|move|p1a: Sableye|Shadow Sneak|p2b: Flutter Mane\n|-damage|p2b: Flutter Mane|81\/100\n|move|p2b: Flutter Mane|Dazzling Gleam|p1a: Sableye|[spread] p1a,p1b\n|-supereffective|p1a: Sableye\n|-resisted|p1b: Salamence\n|-enditem|p1a: Sableye|Focus Sash\n|-damage|p1a: Sableye|1\/100\n|-damage|p1b: Salamence|47\/100\n|move|p1b: Salamence|Earthquake|p2b: Flutter Mane|[spread] p1a,p2a,p2b\n|-supereffective|p2a: Chi-Yu\n|-damage|p1a: Sableye|0 fnt\n|-damage|p2a: Chi-Yu|10\/100\n|-damage|p2b: Flutter Mane|22\/100\n|faint|p1a: Sableye\n|-ability|p1b: Salamence|Moxie|boost\n|-boost|p1b: Salamence|atk|1\n|\n|upkeep\n|\n|t:|1682227274\n|switch|p1a: Iron Bundle|Iron Bundle, L50|100\/100\n|-enditem|p1a: Iron Bundle|Booster Energy\n|-activate|p1a: Iron Bundle|ability: Quark Drive|[fromitem]\n|-start|p1a: Iron Bundle|quarkdrivespe\n|turn|2\n|\n|t:|1682227293\n|move|p1a: Iron Bundle|Freeze-Dry|p2b: Flutter Mane\n|-damage|p2b: Flutter Mane|0 fnt\n|faint|p2b: Flutter Mane\n|-end|p2b: Flutter Mane|Protosynthesis|[silent]\n|move|p2a: Chi-Yu|Overheat|p1a: Iron Bundle\n|-damage|p1a: Iron Bundle|0 fnt\n|-unboost|p2a: Chi-Yu|spa|2\n|faint|p1a: Iron Bundle\n|-end|p1a: Iron Bundle|Quark Drive|[silent]\n|move|p1b: Salamence|Dragon Claw|p2a: Chi-Yu\n|-damage|p2a: Chi-Yu|0 fnt\n|faint|p2a: Chi-Yu\n|-ability|p1b: Salamence|Moxie|boost\n|-boost|p1b: Salamence|atk|1\n|\n|upkeep\n|\n|t:|1682227308\n|switch|p1a: Chi-Yu|Chi-Yu, L50|100\/100\n|switch|p2b: Rabsca|Rabsca, L50, F|100\/100\n|switch|p2a: Palafin|Palafin-Hero, L50, F|100\/100\n|-ability|p1a: Chi-Yu|Beads of Ruin\n|-activate|p2a: Palafin|ability: Zero to Hero\n|turn|3\n|inactive|bravadomercenary has 30 seconds left.\n|\n|t:|1682227342\n|move|p2a: Palafin|Jet Punch|p1a: Chi-Yu\n|-supereffective|p1a: Chi-Yu\n|-damage|p1a: Chi-Yu|0 fnt\n|faint|p1a: Chi-Yu\n|move|p1b: Salamence|Earthquake|p2b: Rabsca|[spread] p2a,p2b\n|-resisted|p2b: Rabsca\n|-damage|p2a: Palafin|49\/100\n|-damage|p2b: Rabsca|76\/100\n|move|p2b: Rabsca|Revival Blessing|p2b: Rabsca\n|-enditem|p2b: Rabsca|Leppa Berry|[eat]\n|-activate|p2b: Rabsca|item: Leppa Berry|Revival Blessing|[consumed]\n|\n|t:|1682227351\n|-heal|p2: Chi-Yu|50\/100|[from] move: Revival Blessing\n|\n|upkeep\n|turn|4\n|\n|t:|1682227357\n|move|p2a: Palafin|Jet Punch|p1b: Salamence\n|-crit|p1b: Salamence\n|-damage|p1b: Salamence|0 fnt\n|faint|p1b: Salamence\n|\n|win|bravadomercenary\n|raw|Harris6's rating: 1228 → 1203<\/strong> (-25 for losing)\n|raw|bravadomercenary's rating: 1226 → 1251<\/strong> (+25 for winning)\n|l|\u2606Harris6\n","uploadtime":1682227364,"views":20,"p1id":"harris6","p2id":"bravadomercenary","formatid":"gen9vgc2023regulationc","rating":1203,"private":0,"password":""}