{"id":"gen9vgc2023regulationc-1850490612","p1":"Inspire60","p2":"CityMan16","format":"[Gen 9] VGC 2023 Regulation C","log":"|j|\u2606Inspire60\n|j|\u2606CityMan16\n|t:|1682342483\n|gametype|doubles\n|player|p1|Inspire60|169|1015\n|player|p2|CityMan16|marlon|1074\n|teamsize|p1|4\n|teamsize|p2|6\n|gen|9\n|tier|[Gen 9] VGC 2023 Regulation C\n|rated|\n|rule|Species Clause: Limit one of each Pok\u00e9mon\n|rule|Item Clause: Limit one of each item\n|clearpoke\n|poke|p1|Eiscue, L50, M|\n|poke|p1|Abomasnow, L50, F|\n|poke|p1|Kilowattrel, L50, M|\n|poke|p1|Brambleghast, L50, M|\n|poke|p2|Alomomola, L50, F|\n|poke|p2|Abomasnow, L50, F|\n|poke|p2|Flutter Mane, L50|\n|poke|p2|Annihilape, L50, F|\n|poke|p2|Grimmsnarl, L50, M|\n|poke|p2|Chien-Pao, L50|\n|teampreview|4\n|inactive|Battle timer is ON: inactive players will automatically lose when time's up. (requested by Inspire60)\n|inactive|CityMan16 has 60 seconds left.\n|\n|t:|1682342532\n|start\n|switch|p1a: Eiscue|Eiscue, L50, M, shiny|100\/100\n|switch|p1b: Abomasnow|Abomasnow, L50, F|100\/100\n|switch|p2a: Annihilape|Annihilape, L50, F|100\/100\n|switch|p2b: Grimmsnarl|Grimmsnarl, L50, M|100\/100\n|-weather|Snow|[from] ability: Snow Warning|[of] p1b: Abomasnow\n|turn|1\n|inactive|Inspire60 has 30 seconds left.\n|inactive|CityMan16 has 30 seconds left.\n|\n|t:|1682342565\n|move|p2b: Grimmsnarl|Reflect|p2b: Grimmsnarl\n|-sidestart|p2: CityMan16|Reflect\n|move|p2a: Annihilape|Final Gambit|p1b: Abomasnow\n|-damage|p1b: Abomasnow|0 fnt\n|faint|p2a: Annihilape\n|faint|p1b: Abomasnow\n|move|p1a: Eiscue|Belly Drum|p1a: Eiscue\n|-damage|p1a: Eiscue|51\/100\n|-setboost|p1a: Eiscue|atk|6|[from] move: Belly Drum\n|\n|-weather|Snow|[upkeep]\n|upkeep\n|\n|t:|1682342582\n|switch|p2a: Flutter Mane|Flutter Mane, L50|100\/100\n|switch|p1b: Milo|Kilowattrel, L50, M|100\/100\n|-enditem|p2a: Flutter Mane|Booster Energy\n|-activate|p2a: Flutter Mane|ability: Protosynthesis|[fromitem]\n|-start|p2a: Flutter Mane|protosynthesisspa\n|turn|2\n|inactive|CityMan16 has 30 seconds left.\n|\n|t:|1682342612\n|-terastallize|p2a: Flutter Mane|Fairy\n|move|p1a: Eiscue|Protect|p1a: Eiscue\n|-singleturn|p1a: Eiscue|Protect\n|move|p2b: Grimmsnarl|Thunder Wave|p1a: Eiscue\n|-activate|p1a: Eiscue|move: Protect\n|move|p1b: Milo|Tailwind|p1b: Milo\n|-sidestart|p1: Inspire60|move: Tailwind\n|move|p2a: Flutter Mane|Dazzling Gleam|p1a: Eiscue|[spread] p1b\n|-activate|p1a: Eiscue|move: Protect\n|-enditem|p1b: Milo|Focus Sash\n|-damage|p1b: Milo|1\/100\n|\n|-weather|Snow|[upkeep]\n|upkeep\n|turn|3\n|inactive|Inspire60 has 30 seconds left.\n|\n|t:|1682342637\n|move|p2b: Grimmsnarl|Thunder Wave|p1a: Eiscue\n|-status|p1a: Eiscue|par\n|move|p1b: Milo|Air Slash|p2a: Flutter Mane\n|-damage|p2a: Flutter Mane|62\/100\n|move|p2a: Flutter Mane|Dazzling Gleam|p1b: Milo|[spread] p1a,p1b\n|-damage|p1a: Eiscue|0 fnt\n|-damage|p1b: Milo|0 fnt\n|faint|p1a: Eiscue\n|faint|p1b: Milo\n|\n|-weather|Snow|[upkeep]\n|upkeep\n|-message|Inspire60 forfeited.\n|\n|win|CityMan16\n|raw|Inspire60's rating: 1015 → 1005<\/strong> (-10 for losing)\n|raw|CityMan16's rating: 1074 → 1098<\/strong> (+24 for winning)\n|l|\u2606Inspire60\n","uploadtime":1682342653,"views":24,"p1id":"inspire60","p2id":"cityman16","formatid":"gen9vgc2023regulationc","rating":1005,"private":0,"password":""}