{"id":"gen9vgc2023regulationc-1863457231","p1":"AndrwApple","p2":"LameLiarLeo","format":"[Gen 9] VGC 2023 Regulation C","log":"|j|\u2606AndrwApple\n|j|\u2606LameLiarLeo\n|t:|1684019820\n|gametype|doubles\n|player|p1|AndrwApple|mina|\n|player|p2|LameLiarLeo|clair|\n|teamsize|p1|6\n|teamsize|p2|6\n|gen|9\n|tier|[Gen 9] VGC 2023 Regulation C\n|rule|Species Clause: Limit one of each Pok\u00e9mon\n|rule|Item Clause: Limit one of each item\n|clearpoke\n|poke|p1|Baxcalibur, L50, F|\n|poke|p1|Iron Bundle, L50|\n|poke|p1|Flutter Mane, L50|\n|poke|p1|Annihilape, L50, F|\n|poke|p1|Arcanine, L50, M|\n|poke|p1|Abomasnow, L50, F|\n|poke|p2|Chien-Pao, L50|\n|poke|p2|Iron Valiant, L50|\n|poke|p2|Arcanine, L50, F|\n|poke|p2|Iron Hands, L50|\n|poke|p2|Iron Bundle, L50|\n|poke|p2|Chi-Yu, L50|\n|teampreview|4\n|inactive|Battle timer is ON: inactive players will automatically lose when time's up. (requested by LameLiarLeo)\nLameLiarLeo has agreed to open team sheets.\n|c|\u2606AndrwApple|Hf\nAndrwApple has agreed to open team sheets.\n|c|\u2606LameLiarLeo|you too!\n|inactive|AndrwApple has 60 seconds left.\n|inactive|LameLiarLeo has 60 seconds left.\n|\n|t:|1684019871\n|start\n|switch|p1a: Flutter Mane|Flutter Mane, L50|100\/100\n|switch|p1b: Abomasnow|Abomasnow, L50, F|100\/100\n|switch|p2a: Iron Bundle|Iron Bundle, L50|100\/100\n|switch|p2b: Chi-Yu|Chi-Yu, L50|100\/100\n|-ability|p2b: Chi-Yu|Beads of Ruin\n|-weather|Snow|[from] ability: Snow Warning|[of] p1b: Abomasnow\n|-enditem|p2a: Iron Bundle|Booster Energy\n|-activate|p2a: Iron Bundle|ability: Quark Drive|[fromitem]\n|-start|p2a: Iron Bundle|quarkdrivespe\n|-enditem|p1a: Flutter Mane|Booster Energy\n|-activate|p1a: Flutter Mane|ability: Protosynthesis|[fromitem]\n|-start|p1a: Flutter Mane|protosynthesisspa\n|turn|1\n|inactive|LameLiarLeo has 30 seconds left.\n|\n|t:|1684019898\n|move|p2a: Iron Bundle|Freeze-Dry|p1b: Abomasnow\n|-damage|p1b: Abomasnow|54\/100\n|move|p2b: Chi-Yu|Heat Wave|p1a: Flutter Mane|[spread] p1a,p1b\n|-supereffective|p1b: Abomasnow\n|-damage|p1a: Flutter Mane|56\/100\n|-damage|p1b: Abomasnow|0 fnt\n|faint|p1b: Abomasnow\n|move|p1a: Flutter Mane|Moonblast|p2a: Iron Bundle\n|-damage|p2a: Iron Bundle|0 fnt\n|faint|p2a: Iron Bundle\n|-end|p2a: Iron Bundle|Quark Drive|[silent]\n|\n|-weather|Snow|[upkeep]\n|upkeep\n|\n|t:|1684019913\n|switch|p2a: Chien-Pao|Chien-Pao, L50|100\/100\n|switch|p1b: Iron Bundle|Iron Bundle, L50|100\/100\n|-ability|p2a: Chien-Pao|Sword of Ruin\n|turn|2\n|\n|t:|1684019939\n|-terastallize|p2b: Chi-Yu|Water\n|move|p2a: Chien-Pao|Sucker Punch|p1a: Flutter Mane\n|-damage|p1a: Flutter Mane|0 fnt\n|faint|p1a: Flutter Mane\n|-end|p1a: Flutter Mane|Protosynthesis|[silent]\n|move|p1b: Iron Bundle|Blizzard|p2b: Chi-Yu|[spread] p2a,p2b\n|-resisted|p2a: Chien-Pao\n|-resisted|p2b: Chi-Yu\n|-damage|p2a: Chien-Pao|39\/100\n|-damage|p2b: Chi-Yu|64\/100\n|move|p2b: Chi-Yu|Heat Wave|p1b: Iron Bundle|[miss]\n|-miss|p2b: Chi-Yu|p1b: Iron Bundle\n|\n|-weather|Snow|[upkeep]\n|upkeep\n|\n|t:|1684019943\n|switch|p1a: Baxcalibur|Baxcalibur, L50, F|100\/100\n|turn|3\n|\n|t:|1684019963\n|move|p2a: Chien-Pao|Sucker Punch|p1a: Baxcalibur\n|-damage|p1a: Baxcalibur|72\/100\n|move|p1b: Iron Bundle|Blizzard|p2b: Chi-Yu|[spread] p2a,p2b\n|-resisted|p2a: Chien-Pao\n|-resisted|p2b: Chi-Yu\n|-damage|p2a: Chien-Pao|0 fnt\n|-damage|p2b: Chi-Yu|26\/100\n|faint|p2a: Chien-Pao\n|move|p2b: Chi-Yu|Heat Wave|p1a: Baxcalibur|[spread] p1a,p1b\n|-crit|p1a: Baxcalibur\n|-damage|p1a: Baxcalibur|21\/100\n|-damage|p1b: Iron Bundle|7\/100\n|-status|p1b: Iron Bundle|brn\n|-ability|p1a: Baxcalibur|Thermal Exchange|boost\n|-boost|p1a: Baxcalibur|atk|1\n|move|p1a: Baxcalibur|Glaive Rush|p2b: Chi-Yu\n|-damage|p2b: Chi-Yu|0 fnt\n|-singlemove|p1a: Baxcalibur|Glaive Rush|[silent]\n|faint|p2b: Chi-Yu\n|\n|-weather|Snow|[upkeep]\n|-damage|p1b: Iron Bundle|0 fnt|[from] brn\n|faint|p1b: Iron Bundle\n|-end|p1b: Iron Bundle|Quark Drive|[silent]\n|upkeep\n|\n|t:|1684019983\n|switch|p2b: Iron Valiant|Iron Valiant, L50|100\/100\n|turn|4\n|\n|t:|1684019991\n|-terastallize|p1a: Baxcalibur|Ground\n|move|p1a: Baxcalibur|Ice Shard|p2b: Iron Valiant\n|-damage|p2b: Iron Valiant|54\/100\n|move|p2b: Iron Valiant|Close Combat|p1a: Baxcalibur\n|-damage|p1a: Baxcalibur|0 fnt\n|-unboost|p2b: Iron Valiant|def|1\n|-unboost|p2b: Iron Valiant|spd|1\n|faint|p1a: Baxcalibur\n|\n|win|LameLiarLeo\n|c|\u2606AndrwApple|gg\n|c|\u2606LameLiarLeo|gg, wp\n|l|\u2606AndrwApple\n","uploadtime":1684022239,"views":11,"p1id":"andrwapple","p2id":"lameliarleo","formatid":"gen9vgc2023regulationc","rating":0,"private":0,"password":""}