{"id":"gen9vgc2023regulationc-1845259797","p1":"shamansam","p2":"phillypls","format":"[Gen 9] VGC 2023 Regulation C","log":"|j|\u2606shamansam\n|j|\u2606phillypls\n|t:|1681703521\n|gametype|doubles\n|player|p1|shamansam|265|1062\n|player|p2|phillypls|265|1000\n|teamsize|p1|6\n|teamsize|p2|6\n|gen|9\n|tier|[Gen 9] VGC 2023 Regulation C\n|rated|\n|rule|Species Clause: Limit one of each Pok\u00e9mon\n|rule|Item Clause: Limit one of each item\n|clearpoke\n|poke|p1|Kingambit, L50, M|\n|poke|p1|Gyarados, L50, F|\n|poke|p1|Amoonguss, L50, F|\n|poke|p1|Chi-Yu, L50|\n|poke|p1|Great Tusk, L50|\n|poke|p1|Flutter Mane, L50|\n|poke|p2|Gholdengo, L50|\n|poke|p2|Maushold-Four, L50|\n|poke|p2|Roaring Moon, L50|\n|poke|p2|Arcanine, L50, M|\n|poke|p2|Iron Bundle, L50|\n|poke|p2|Annihilape, L50, M|\n|teampreview|4\n|j| kiranearitachi\n|\n|t:|1681703593\n|start\n|switch|p1a: Chi-Yu|Chi-Yu, L50|100\/100\n|switch|p1b: Kingambit|Kingambit, L50, M|100\/100\n|switch|p2a: Maushold|Maushold-Four, L50|100\/100\n|switch|p2b: Annihilape|Annihilape, L50, M|100\/100\n|-ability|p1a: Chi-Yu|Beads of Ruin\n|turn|1\n|\n|t:|1681703622\n|move|p2a: Maushold|Protect|p2a: Maushold\n|-singleturn|p2a: Maushold|Protect\n|move|p1b: Kingambit|Sucker Punch|p2b: Annihilape\n|-damage|p2b: Annihilape|71\/100\n|move|p1a: Chi-Yu|Heat Wave|p2a: Maushold|[spread] p2b\n|-activate|p2a: Maushold|move: Protect\n|-damage|p2b: Annihilape|39\/100\n|-enditem|p2b: Annihilape|Sitrus Berry|[eat]\n|-heal|p2b: Annihilape|64\/100|[from] item: Sitrus Berry\n|move|p2b: Annihilape|Drain Punch|p1a: Chi-Yu\n|-supereffective|p1a: Chi-Yu\n|-enditem|p1a: Chi-Yu|Focus Sash\n|-damage|p1a: Chi-Yu|1\/100\n|-heal|p2b: Annihilape|94\/100|[from] drain|[of] p1a: Chi-Yu\n|\n|upkeep\n|turn|2\n|\n|t:|1681703650\n|move|p2a: Maushold|Follow Me|p2a: Maushold\n|-singleturn|p2a: Maushold|move: Follow Me\n|move|p1b: Kingambit|Sucker Punch||[still]\n|-fail|p1b: Kingambit\n|move|p1a: Chi-Yu|Dark Pulse|p2a: Maushold\n|-damage|p2a: Maushold|35\/100\n|move|p2b: Annihilape|Drain Punch|p1b: Kingambit\n|-supereffective|p1b: Kingambit\n|-damage|p1b: Kingambit|0 fnt\n|-heal|p2b: Annihilape|100\/100|[from] drain|[of] p1b: Kingambit\n|faint|p1b: Kingambit\n|\n|upkeep\n|-message|shamansam forfeited.\n|\n|win|phillypls\n|raw|shamansam's rating: 1062 → 1039<\/strong> (-23 for losing)\n|raw|phillypls's rating: 1000 → 1047<\/strong> (+47 for winning)\n|l|\u2606shamansam\n","uploadtime":1681703662,"views":8,"p1id":"shamansam","p2id":"phillypls","formatid":"gen9vgc2023regulationc","rating":1039,"private":0,"password":""}