{"id":"gen9vgc2023regulationc-1862881865","p1":"Bardo52","p2":"CJG727","format":"[Gen 9] VGC 2023 Regulation C","log":"|j|\u2606Bardo52\n|j|\u2606CJG727\n|t:|1683933227\n|gametype|doubles\n|player|p1|Bardo52|brycenman|\n|player|p2|CJG727|clair|\n|teamsize|p1|6\n|teamsize|p2|6\n|gen|9\n|tier|[Gen 9] VGC 2023 Regulation C\n|rule|Species Clause: Limit one of each Pok\u00e9mon\n|rule|Item Clause: Limit one of each item\n|clearpoke\n|poke|p1|Annihilape, L50, M|\n|poke|p1|Maushold, L50|\n|poke|p1|Dondozo, L50, F|\n|poke|p1|Tatsugiri, L50, M|\n|poke|p1|Iron Moth, L50|\n|poke|p1|Zoroark, L50, F|\n|poke|p2|Gothitelle, L50, M|\n|poke|p2|Sylveon, L50, F|\n|poke|p2|Altaria, L50, F|\n|poke|p2|Hydreigon, L50, F|\n|poke|p2|Scream Tail, L50|\n|poke|p2|Forretress, L50, F|\n|teampreview|4\nBardo52 rejected open team sheets.\n|c|\u2606Bardo52|G2\n|c|\u2606CJG727|glhf\n|c|\u2606Bardo52|Glhf\n|\n|t:|1683933681\n|start\n|switch|p1a: Maushold|Maushold, L50|100\/100\n|switch|p1b: Annihilape|Annihilape, L50, M|100\/100\n|switch|p2a: Gothitelle|Gothitelle, L50, M|100\/100\n|switch|p2b: Sylveon|Sylveon, L50, F|100\/100\n|turn|1\n|\n|t:|1683933720\n|move|p2a: Gothitelle|Protect|p2a: Gothitelle\n|-singleturn|p2a: Gothitelle|Protect\n|move|p1a: Maushold|Beat Up|p1b: Annihilape\n|-damage|p1b: Annihilape|98\/100\n|-damage|p1b: Annihilape|96\/100\n|-damage|p1b: Annihilape|94\/100\n|-damage|p1b: Annihilape|92\/100\n|-hitcount|p1b: Annihilape|4\n|move|p1b: Annihilape|Rage Fist|p2b: Sylveon\n|-damage|p2b: Sylveon|0 fnt\n|faint|p2b: Sylveon\n|\n|upkeep\n|\n|t:|1683933748\n|switch|p2b: Bertha|Hydreigon, L50, F, shiny|100\/100\n|turn|2\n|\n|t:|1683933765\n|move|p2a: Gothitelle|Helping Hand|p2b: Bertha\n|-singleturn|p2b: Bertha|Helping Hand|[of] p2a: Gothitelle\n|move|p1a: Maushold|Follow Me|p1a: Maushold\n|-singleturn|p1a: Maushold|move: Follow Me\n|move|p2b: Bertha|Draco Meteor|p1a: Maushold\n|-damage|p1a: Maushold|0 fnt\n|-unboost|p2b: Bertha|spa|2\n|faint|p1a: Maushold\n|move|p1b: Annihilape|Rage Fist|p2a: Gothitelle\n|-supereffective|p2a: Gothitelle\n|-damage|p2a: Gothitelle|0 fnt\n|faint|p2a: Gothitelle\n|\n|upkeep\n|\n|t:|1683933780\n|switch|p1a: Tatsugiri|Tatsugiri, L50, M|100\/100\n|switch|p2a: Scream Tail|Scream Tail, L50|100\/100\n|turn|3\n|\n|t:|1683933817\n|move|p1a: Tatsugiri|Draco Meteor|p2b: Bertha\n|-supereffective|p2b: Bertha\n|-crit|p2b: Bertha\n|-damage|p2b: Bertha|0 fnt\n|-unboost|p1a: Tatsugiri|spa|2\n|faint|p2b: Bertha\n|move|p2a: Scream Tail|Play Rough|p1b: Annihilape\n|-supereffective|p1b: Annihilape\n|-damage|p1b: Annihilape|36\/100\n|move|p1b: Annihilape|Rage Fist|p2a: Scream Tail\n|-supereffective|p2a: Scream Tail\n|-crit|p2a: Scream Tail\n|-damage|p2a: Scream Tail|0 fnt\n|faint|p2a: Scream Tail\n|-end|p2a: Scream Tail|Protosynthesis|[silent]\n|\n|win|Bardo52\n|c|\u2606CJG727|gg\n|c|\u2606Bardo52|Gg\n|l|\u2606CJG727\n","uploadtime":1683933832,"views":13,"p1id":"bardo52","p2id":"cjg727","formatid":"gen9vgc2023regulationc","rating":0,"private":0,"password":""}