{"id":"gen9vgc2023regulationc-1854417648","p1":"ClockworkToad","p2":"darcona","format":"[Gen 9] VGC 2023 Regulation C","log":"|j|\u2606ClockworkToad\n|j|\u2606darcona\n|t:|1682808319\n|gametype|doubles\n|player|p1|ClockworkToad|janine|1178\n|player|p2|darcona|265|1237\n|teamsize|p1|6\n|teamsize|p2|6\n|gen|9\n|tier|[Gen 9] VGC 2023 Regulation C\n|rated|\n|rule|Species Clause: Limit one of each Pok\u00e9mon\n|rule|Item Clause: Limit one of each item\n|clearpoke\n|poke|p1|Sunflora, L50, M|\n|poke|p1|Torkoal, L50, M|\n|poke|p1|Hatterene, L50, F|\n|poke|p1|Hariyama, L50, M|\n|poke|p1|Flamigo, L50, F|\n|poke|p1|Tyranitar, L50, M|\n|poke|p2|Murkrow, L50, F|\n|poke|p2|Gholdengo, L50|\n|poke|p2|Chi-Yu, L50|\n|poke|p2|Dachsbun, L50, M|\n|poke|p2|Flutter Mane, L50|\n|poke|p2|Pawmot, L50, M|\n|teampreview|4\n|inactive|Battle timer is ON: inactive players will automatically lose when time's up. (requested by darcona)\n|inactive|darcona has 60 seconds left.\n|\n|t:|1682808365\n|start\n|switch|p1a: Yo-Ya Ma|Hariyama, L50, M|100\/100\n|switch|p1b: Irene Cara|Hatterene, L50, F|100\/100\n|switch|p2a: Chi-Yu|Chi-Yu, L50|100\/100\n|switch|p2b: Dachsbun|Dachsbun, L50, M|100\/100\n|-ability|p2a: Chi-Yu|Beads of Ruin\n|turn|1\n|inactive|darcona has 30 seconds left.\n|inactive|darcona has 20 seconds left.\n|inactive|darcona has 15 seconds left.\n|inactive|darcona has 10 seconds left.\n|\n|t:|1682808411\n|move|p1a: Yo-Ya Ma|Wide Guard|p1a: Yo-Ya Ma\n|-singleturn|p1a: Yo-Ya Ma|Wide Guard\n|move|p2a: Chi-Yu|Lava Plume|p1a: Yo-Ya Ma|[spread] \n|-activate|p1a: Yo-Ya Ma|move: Wide Guard\n|-activate|p1b: Irene Cara|move: Wide Guard\n|-ability|p2b: Dachsbun|Well-Baked Body|boost\n|-boost|p2b: Dachsbun|def|2\n|move|p2b: Dachsbun|Yawn|p1b: Irene Cara\n|move|p1b: Irene Cara|Yawn|p2b: Dachsbun|[from]ability: Magic Bounce\n|-start|p2b: Dachsbun|move: Yawn|[of] p1b: Irene Cara\n|move|p1b: Irene Cara|Trick Room|p1b: Irene Cara\n|-fieldstart|move: Trick Room|[of] p1b: Irene Cara\n|\n|-status|p1a: Yo-Ya Ma|brn|[from] item: Flame Orb\n|upkeep\n|turn|2\n|inactive|darcona has 30 seconds left.\n|\n|t:|1682808444\n|switch|p2a: Gholdengo|Gholdengo, L50|100\/100\n|move|p1b: Irene Cara|Psychic|p2b: Dachsbun\n|-damage|p2b: Dachsbun|36\/100\n|move|p1a: Yo-Ya Ma|Headlong Rush|p2a: Gholdengo\n|-supereffective|p2a: Gholdengo\n|-damage|p2a: Gholdengo|0 fnt\n|-unboost|p1a: Yo-Ya Ma|def|1\n|-unboost|p1a: Yo-Ya Ma|spd|1\n|faint|p2a: Gholdengo\n|move|p2b: Dachsbun|Body Press|p1a: Yo-Ya Ma\n|-damage|p1a: Yo-Ya Ma|21\/100 brn\n|\n|-heal|p2b: Dachsbun|43\/100|[from] item: Leftovers\n|-damage|p1a: Yo-Ya Ma|15\/100 brn|[from] brn\n|-end|p2b: Dachsbun|move: Yawn|[silent]\n|-status|p2b: Dachsbun|slp\n|upkeep\n|inactive|darcona has 30 seconds left.\n|inactive|darcona has 20 seconds left.\n|inactive|darcona has 15 seconds left.\n|\n|t:|1682808487\n|switch|p2a: Pawmot|Pawmot, L50, M|100\/100\n|turn|3\n|inactive|darcona has 30 seconds left.\n|\n|t:|1682808513\n|switch|p1a: Tyranitar|Tyranitar, L50, M|100\/100\n|-weather|Sandstorm|[from] ability: Sand Stream|[of] p1a: Tyranitar\n|-terastallize|p1b: Irene Cara|Steel\n|move|p2a: Pawmot|Fake Out|p1a: Tyranitar\n|-resisted|p1a: Tyranitar\n|-damage|p1a: Tyranitar|95\/100\n|move|p1b: Irene Cara|Psychic|p2a: Pawmot\n|-supereffective|p2a: Pawmot\n|-enditem|p2a: Pawmot|Focus Sash\n|-damage|p2a: Pawmot|1\/100\n|cant|p2b: Dachsbun|slp\n|\n|-weather|Sandstorm|[upkeep]\n|-damage|p2b: Dachsbun|36\/100 slp|[from] Sandstorm\n|-damage|p2a: Pawmot|0 fnt|[from] Sandstorm\n|faint|p2a: Pawmot\n|-heal|p2b: Dachsbun|43\/100 slp|[from] item: Leftovers\n|upkeep\n|-message|darcona forfeited.\n|\n|win|ClockworkToad\n|raw|ClockworkToad's rating: 1178 → 1207<\/strong> (+29 for winning)\n|raw|darcona's rating: 1237 → 1208<\/strong> (-29 for losing)\n|l|\u2606darcona\n","uploadtime":1682808534,"views":18,"p1id":"clockworktoad","p2id":"darcona","formatid":"gen9vgc2023regulationc","rating":1207,"private":0,"password":""}