{"id":"gen9vgc2023regulationc-1857729936","p1":"kanotakekanotake","p2":"kheld","format":"[Gen 9] VGC 2023 Regulation C","log":"|j|\u2606kanotakekanotake\n|j|\u2606kheld\n|t:|1683226332\n|gametype|doubles\n|player|p1|kanotakekanotake|smasher|1655\n|player|p2|kheld|brawly|1633\n|teamsize|p1|6\n|teamsize|p2|6\n|gen|9\n|tier|[Gen 9] VGC 2023 Regulation C\n|rated|\n|rule|Species Clause: Limit one of each Pok\u00e9mon\n|rule|Item Clause: Limit one of each item\n|clearpoke\n|poke|p1|Amoonguss, L50, M|\n|poke|p1|Iron Hands, L50|\n|poke|p1|Garganacl, L50, F|\n|poke|p1|Grimmsnarl, L50, M|\n|poke|p1|Gyarados, L50, M|\n|poke|p1|Flutter Mane, L50|\n|poke|p2|Great Tusk, L50|\n|poke|p2|Amoonguss, L50, M|\n|poke|p2|Murkrow, L50, M|\n|poke|p2|Chi-Yu, L50|\n|poke|p2|Dragonite, L50, M|\n|poke|p2|Flutter Mane, L50|\n|teampreview|4\n|\n|t:|1683226374\n|start\n|switch|p1a: Flutter Mane|Flutter Mane, L50|100\/100\n|switch|p1b: Iron Hands|Iron Hands, L50|100\/100\n|switch|p2a: Flutter Mane|Flutter Mane, L50|100\/100\n|switch|p2b: Chi-Yu|Chi-Yu, L50|100\/100\n|-ability|p2b: Chi-Yu|Beads of Ruin\n|-enditem|p1a: Flutter Mane|Booster Energy\n|-activate|p1a: Flutter Mane|ability: Protosynthesis|[fromitem]\n|-start|p1a: Flutter Mane|protosynthesisspe\n|turn|1\n|inactive|Battle timer is ON: inactive players will automatically lose when time's up. (requested by kanotakekanotake)\n|inactive|kheld has 60 seconds left.\n|inactive|kheld has 30 seconds left.\n|\n|t:|1683226444\n|-terastallize|p1b: Iron Hands|Fire\n|move|p1a: Flutter Mane|Protect|p1a: Flutter Mane\n|-singleturn|p1a: Flutter Mane|Protect\n|move|p2a: Flutter Mane|Shadow Ball|p1a: Flutter Mane\n|-activate|p1a: Flutter Mane|move: Protect\n|move|p2b: Chi-Yu|Heat Wave|p1b: Iron Hands|[spread] p1b\n|-activate|p1a: Flutter Mane|move: Protect\n|-resisted|p1b: Iron Hands\n|-damage|p1b: Iron Hands|88\/100\n|move|p1b: Iron Hands|Heavy Slam|p2a: Flutter Mane\n|-supereffective|p2a: Flutter Mane\n|-enditem|p2a: Flutter Mane|Focus Sash\n|-damage|p2a: Flutter Mane|1\/100\n|\n|upkeep\n|turn|2\n|j| takuchyan\n|\n|t:|1683226464\n|-end|p2a: Flutter Mane|Protosynthesis|[silent]\n|switch|p2a: Amoonguss|Amoonguss, L50, M|100\/100\n|move|p1a: Flutter Mane|Substitute|p1a: Flutter Mane\n|-start|p1a: Flutter Mane|Substitute\n|-damage|p1a: Flutter Mane|76\/100\n|move|p2b: Chi-Yu|Dark Pulse|p1b: Iron Hands\n|-damage|p1b: Iron Hands|59\/100\n|move|p1b: Iron Hands|Drain Punch|p2b: Chi-Yu\n|-supereffective|p2b: Chi-Yu\n|-damage|p2b: Chi-Yu|1\/100\n|-heal|p1b: Iron Hands|92\/100|[from] drain|[of] p2b: Chi-Yu\n|-enditem|p2b: Chi-Yu|Sitrus Berry|[eat]\n|-heal|p2b: Chi-Yu|26\/100|[from] item: Sitrus Berry\n|\n|upkeep\n|turn|3\n|-message|kheld forfeited.\n|\n|win|kanotakekanotake\n|raw|kanotakekanotake's rating: 1655 → 1674<\/strong> (+19 for winning)\n|raw|kheld's rating: 1633 → 1614<\/strong> (-19 for losing)\n|l|\u2606kheld\n","uploadtime":1683226487,"views":20,"p1id":"kanotakekanotake","p2id":"kheld","formatid":"gen9vgc2023regulationc","rating":1614,"private":0,"password":""}