{"id":"gen9vgc2023regulationc-1858265531","p1":"NarcioW","p2":"Drlawyer","format":"[Gen 9] VGC 2023 Regulation C","log":"|j|\u2606NarcioW\n|j|\u2606Drlawyer\n|t:|1683296731\n|gametype|doubles\n|player|p1|NarcioW|266|1461\n|player|p2|Drlawyer|hilbert-wonderlauncher|1483\n|teamsize|p1|6\n|teamsize|p2|6\n|gen|9\n|tier|[Gen 9] VGC 2023 Regulation C\n|rated|\n|rule|Species Clause: Limit one of each Pok\u00e9mon\n|rule|Item Clause: Limit one of each item\n|clearpoke\n|poke|p1|Great Tusk, L50|\n|poke|p1|Kingambit, L50, F|\n|poke|p1|Chien-Pao, L50|\n|poke|p1|Dragonite, L50, M|\n|poke|p1|Flutter Mane, L50|\n|poke|p1|Gyarados, L50, M|\n|poke|p2|Great Tusk, L50|\n|poke|p2|Talonflame, L50, M|\n|poke|p2|Chi-Yu, L50|\n|poke|p2|Flutter Mane, L50|\n|poke|p2|Kingambit, L50, F|\n|poke|p2|Iron Bundle, L50|\n|teampreview|4\n|\n|t:|1683296751\n|start\n|switch|p1a: Dragonite|Dragonite, L50, M|100\/100\n|switch|p1b: Great Tusk|Great Tusk, L50|100\/100\n|switch|p2a: Tomioka|Iron Bundle, L50, shiny|100\/100\n|switch|p2b: Ratchet|Kingambit, L50, F, shiny|100\/100\n|-enditem|p2a: Tomioka|Booster Energy\n|-activate|p2a: Tomioka|ability: Quark Drive|[fromitem]\n|-start|p2a: Tomioka|quarkdrivespe\n|turn|1\n|\n|t:|1683296793\n|switch|p2b: Raven|Flutter Mane, L50, shiny|100\/100\n|-terastallize|p2a: Tomioka|Ghost\n|move|p2a: Tomioka|Icy Wind|p1b: Great Tusk|[spread] p1a,p1b\n|-supereffective|p1a: Dragonite\n|-supereffective|p1b: Great Tusk\n|-crit|p1b: Great Tusk\n|-damage|p1a: Dragonite|65\/100\n|-damage|p1b: Great Tusk|9\/100\n|-unboost|p1a: Dragonite|spe|1\n|-unboost|p1b: Great Tusk|spe|1\n|move|p1b: Great Tusk|Earthquake|p2b: Raven|[spread] p2a,p2b\n|-immune|p1a: Dragonite\n|-damage|p2a: Tomioka|56\/100\n|-damage|p2b: Raven|29\/100\n|move|p1a: Dragonite|Aerial Ace|p2a: Tomioka\n|-damage|p2a: Tomioka|0 fnt\n|faint|p2a: Tomioka\n|-end|p2a: Tomioka|Quark Drive|[silent]\n|\n|upkeep\n|\n|t:|1683296802\n|switch|p2a: Ratchet|Kingambit, L50, F, shiny|100\/100\n|turn|2\n|\n|t:|1683296855\n|-end|p1b: Great Tusk|Protosynthesis|[silent]\n|switch|p1b: Flutter Mane|Flutter Mane, L50|100\/100\n|switch|p1a: Gyarados|Gyarados, L50, M|100\/100\n|-ability|p1a: Gyarados|Intimidate|boost\n|-unboost|p2a: Ratchet|atk|1\n|-ability|p2a: Ratchet|Defiant|boost\n|-boost|p2a: Ratchet|atk|2\n|-unboost|p2b: Raven|atk|1\n|move|p2b: Raven|Dazzling Gleam|p1b: Flutter Mane|[spread] p1a,p1b\n|-damage|p1a: Gyarados|60\/100\n|-damage|p1b: Flutter Mane|50\/100\n|move|p2a: Ratchet|Assurance|p1a: Gyarados\n|-damage|p1a: Gyarados|0 fnt\n|faint|p1a: Gyarados\n|\n|upkeep\n|\n|t:|1683296869\n|switch|p1a: Dragonite|Dragonite, L50, M|65\/100\n|turn|3\n|\n|t:|1683296899\n|move|p2a: Ratchet|Sucker Punch|p1b: Flutter Mane\n|-damage|p1b: Flutter Mane|0 fnt\n|faint|p1b: Flutter Mane\n|-end|p1b: Flutter Mane|Protosynthesis|[silent]\n|move|p2b: Raven|Dazzling Gleam|p1a: Dragonite\n|-supereffective|p1a: Dragonite\n|-damage|p1a: Dragonite|0 fnt\n|faint|p1a: Dragonite\n|\n|upkeep\n|-message|NarcioW forfeited.\n|\n|win|Drlawyer\n|raw|NarcioW's rating: 1461 → 1442<\/strong> (-19 for losing)\n|raw|Drlawyer's rating: 1483 → 1502<\/strong> (+19 for winning)\n|l|\u2606NarcioW\n|l|\u2606Drlawyer\n|j|\u2606Drlawyer\n|player|p2|Drlawyer|hilbert-wonderlauncher\n","uploadtime":1683297372,"views":7,"p1id":"narciow","p2id":"drlawyer","formatid":"gen9vgc2023regulationc","rating":1442,"private":0,"password":""}