{"id":"gen9vgc2023regulationc-1861504995","p1":"yeah i suppose so","p2":"Dragonite8723","format":"[Gen 9] VGC 2023 Regulation C","log":"|j|\u2606yeah i suppose so\n|j|\u2606Dragonite8723\n|t:|1683766122\n|gametype|doubles\n|player|p1|yeah i suppose so|dawn|1126\n|player|p2|Dragonite8723|170|1085\n|teamsize|p1|6\n|teamsize|p2|6\n|gen|9\n|tier|[Gen 9] VGC 2023 Regulation C\n|rated|\n|rule|Species Clause: Limit one of each Pok\u00e9mon\n|rule|Item Clause: Limit one of each item\n|clearpoke\n|poke|p1|Corviknight, L50, F|\n|poke|p1|Murkrow, L50, F|\n|poke|p1|Great Tusk, L50|\n|poke|p1|Chi-Yu, L50|\n|poke|p1|Flutter Mane, L50|\n|poke|p1|Brute Bonnet, L50|\n|poke|p2|Torkoal, L50, F|\n|poke|p2|Flutter Mane, L50|\n|poke|p2|Farigiraf, L50, M|\n|poke|p2|Iron Hands, L50|\n|poke|p2|Roaring Moon, L50|\n|poke|p2|Jumpluff, L50, F|\n|teampreview|4\n|\n|t:|1683766254\n|start\n|switch|p1a: Murkrow|Murkrow, L50, F|100\/100\n|switch|p1b: Corviknight|Corviknight, L50, F|100\/100\n|switch|p2a: Farigiraf|Farigiraf, L50, M|100\/100\n|switch|p2b: Iron Hands|Iron Hands, L50|100\/100\n|turn|1\n|\n|t:|1683766273\n|move|p2b: Iron Hands|Fake Out|p1a: Murkrow\n|-damage|p1a: Murkrow|84\/100\n|cant|p1a: Murkrow|flinch\n|move|p1b: Corviknight|Bulk Up|p1b: Corviknight\n|-boost|p1b: Corviknight|atk|1\n|-boost|p1b: Corviknight|def|1\n|move|p2a: Farigiraf|Trick Room|p2a: Farigiraf\n|-fieldstart|move: Trick Room|[of] p2a: Farigiraf\n|\n|upkeep\n|turn|2\n|\n|t:|1683766302\n|switch|p2a: Torkoal|Torkoal, L50, F|100\/100\n|-weather|SunnyDay|[from] ability: Drought|[of] p2a: Torkoal\n|move|p2b: Iron Hands|Thunder Punch|p1a: Murkrow\n|-supereffective|p1a: Murkrow\n|-damage|p1a: Murkrow|0 fnt\n|faint|p1a: Murkrow\n|move|p1b: Corviknight|Bulk Up|p1b: Corviknight\n|-boost|p1b: Corviknight|atk|1\n|-boost|p1b: Corviknight|def|1\n|\n|-weather|SunnyDay|[upkeep]\n|upkeep\n|\n|t:|1683766316\n|switch|p1a: Great Tusk|Great Tusk, L50|100\/100\n|-activate|p1a: Great Tusk|ability: Protosynthesis\n|-start|p1a: Great Tusk|protosynthesisatk\n|turn|3\n|\n|t:|1683766347\n|-terastallize|p1b: Corviknight|Fire\n|move|p2a: Torkoal|Eruption|p1a: Great Tusk|[spread] p1a,p1b\n|-resisted|p1b: Corviknight\n|-damage|p1a: Great Tusk|0 fnt\n|-damage|p1b: Corviknight|50\/100\n|-enditem|p1b: Corviknight|Sitrus Berry|[eat]\n|-heal|p1b: Corviknight|75\/100|[from] item: Sitrus Berry\n|faint|p1a: Great Tusk\n|-end|p1a: Great Tusk|Protosynthesis|[silent]\n|move|p2b: Iron Hands|Thunder Punch|p1b: Corviknight\n|-damage|p1b: Corviknight|55\/100\n|-status|p1b: Corviknight|par\n|cant|p1b: Corviknight|par\n|\n|-weather|SunnyDay|[upkeep]\n|upkeep\n|\n|t:|1683766360\n|switch|p1a: Brute Bonnet|Brute Bonnet, L50|100\/100\n|-activate|p1a: Brute Bonnet|ability: Protosynthesis\n|-start|p1a: Brute Bonnet|protosynthesisatk\n|turn|4\n|\n|t:|1683766384\n|move|p2a: Torkoal|Eruption|p1a: Brute Bonnet|[spread] p1a,p1b\n|-supereffective|p1a: Brute Bonnet\n|-resisted|p1b: Corviknight\n|-damage|p1a: Brute Bonnet|0 fnt\n|-damage|p1b: Corviknight|7\/100 par\n|faint|p1a: Brute Bonnet\n|-end|p1a: Brute Bonnet|Protosynthesis|[silent]\n|move|p1b: Corviknight|Brave Bird|p2b: Iron Hands\n|-damage|p2b: Iron Hands|45\/100\n|-damage|p1b: Corviknight|0 fnt|[from] Recoil\n|faint|p1b: Corviknight\n|\n|win|Dragonite8723\n|raw|yeah i suppose so's rating: 1126 → 1098<\/strong> (-28 for losing)\n|raw|Dragonite8723's rating: 1085 → 1115<\/strong> (+30 for winning)\n|l|\u2606yeah i suppose so\n","uploadtime":1683766670,"views":11,"p1id":"yeahisupposeso","p2id":"dragonite8723","formatid":"gen9vgc2023regulationc","rating":1098,"private":0,"password":""}