{"id":"gen9vgc2023regulationc-1845114837","p1":"Entrenador2806","p2":"KingTerry777","format":"[Gen 9] VGC 2023 Regulation C","log":"|j|\u2606Entrenador2806\n|j|\u2606KingTerry777\n|t:|1681685254\n|gametype|doubles\n|player|p1|Entrenador2806|169|1227\n|player|p2|KingTerry777|veteran|1284\n|teamsize|p1|6\n|teamsize|p2|6\n|gen|9\n|tier|[Gen 9] VGC 2023 Regulation C\n|rated|\n|rule|Species Clause: Limit one of each Pok\u00e9mon\n|rule|Item Clause: Limit one of each item\n|clearpoke\n|poke|p1|Flutter Mane, L50|\n|poke|p1|Arcanine, L50, M|\n|poke|p1|Palafin, L50, M|\n|poke|p1|Amoonguss, L50, M|\n|poke|p1|Chien-Pao, L50|\n|poke|p1|Ting-Lu, L50|\n|poke|p2|Amoonguss, L50, F|\n|poke|p2|Arcanine, L50, F|\n|poke|p2|Flutter Mane, L50|\n|poke|p2|Azumarill, L50, F|\n|poke|p2|Chien-Pao, L50|\n|poke|p2|Kingambit, L50, F|\n|teampreview|4\n|inactive|Battle timer is ON: inactive players will automatically lose when time's up. (requested by KingTerry777)\nEntrenador2806 has agreed to open team sheets.\n|inactive|Entrenador2806 has 60 seconds left.\n|inactive|Entrenador2806 has 30 seconds left.\n|inactive|Entrenador2806 has 20 seconds left.\n|inactive|Entrenador2806 has 15 seconds left.\n|inactive|Entrenador2806 has 10 seconds left.\n|\n|t:|1681685338\n|start\n|switch|p1a: Palafin|Palafin, L50, M|100\/100\n|switch|p1b: Amoonguss|Amoonguss, L50, M, shiny|100\/100\n|switch|p2a: Chien-Pao|Chien-Pao, L50|100\/100\n|switch|p2b: Azumarill|Azumarill, L50, F|100\/100\n|-ability|p2a: Chien-Pao|Sword of Ruin\n|turn|1\n|inactive|Entrenador2806 has 30 seconds left.\n|inactive|Entrenador2806 has 20 seconds left.\n|inactive|Entrenador2806 has 15 seconds left.\n|inactive|Entrenador2806 has 10 seconds left.\n|inactive|Entrenador2806 has 5 seconds left.\n|\n|t:|1681685392\n|detailschange|p1a: Palafin|Palafin-Hero, L50, M\n|switch|p1a: Ting-Lu|Ting-Lu, L50|100\/100\n|-ability|p1a: Ting-Lu|Vessel of Ruin\n|-terastallize|p2a: Chien-Pao|Ice\n|move|p2a: Chien-Pao|Ice Spinner|p1b: Amoonguss\n|-supereffective|p1b: Amoonguss\n|-damage|p1b: Amoonguss|0 fnt\n|faint|p1b: Amoonguss\n|move|p2b: Azumarill|Play Rough|p1a: Ting-Lu\n|-supereffective|p1a: Ting-Lu\n|-damage|p1a: Ting-Lu|0 fnt\n|faint|p1a: Ting-Lu\n|\n|upkeep\n|\n|t:|1681685404\n|switch|p1a: Palafin|Palafin-Hero, L50, M|100\/100\n|switch|p1b: Flutter Mane|Flutter Mane, L50|100\/100\n|-activate|p1a: Palafin|ability: Zero to Hero\n|turn|2\n|\n|t:|1681685414\n|-terastallize|p1b: Flutter Mane|Fairy\n|move|p1a: Palafin|Jet Punch|p2a: Chien-Pao\n|-damage|p2a: Chien-Pao|34\/100\n|move|p2a: Chien-Pao|Ice Spinner|p1b: Flutter Mane\n|-damage|p1b: Flutter Mane|0 fnt\n|faint|p1b: Flutter Mane\n|-end|p1b: Flutter Mane|Protosynthesis|[silent]\n|move|p2b: Azumarill|Play Rough|p1a: Palafin\n|-damage|p1a: Palafin|0 fnt\n|faint|p1a: Palafin\n|\n|win|KingTerry777\n|raw|Entrenador2806's rating: 1227 → 1206<\/strong> (-21 for losing)\n|raw|KingTerry777's rating: 1284 → 1305<\/strong> (+21 for winning)\n|l|\u2606KingTerry777\n","uploadtime":1681685435,"views":14,"p1id":"entrenador2806","p2id":"kingterry777","formatid":"gen9vgc2023regulationc","rating":1206,"private":0,"password":""}