{"id":"gen9vgc2023regulationc-1859778267","p1":"XZacLee","p2":"shiftyyy","format":"[Gen 9] VGC 2023 Regulation C","log":"|j|\u2606XZacLee\n|j|\u2606shiftyyy\n|t:|1683563786\n|gametype|doubles\n|player|p1|XZacLee|170|1511\n|player|p2|shiftyyy|clerkf|1551\n|teamsize|p1|6\n|teamsize|p2|6\n|gen|9\n|tier|[Gen 9] VGC 2023 Regulation C\n|rated|\n|rule|Species Clause: Limit one of each Pok\u00e9mon\n|rule|Item Clause: Limit one of each item\n|clearpoke\n|poke|p1|Kingambit, L50, F|\n|poke|p1|Torkoal, L50, M|\n|poke|p1|Flutter Mane, L50|\n|poke|p1|Jumpluff, L50, F|\n|poke|p1|Great Tusk, L50|\n|poke|p1|Chien-Pao, L50|\n|poke|p2|Flutter Mane, L50|\n|poke|p2|Iron Hands, L50|\n|poke|p2|Gyarados, L50, F|\n|poke|p2|Chi-Yu, L50|\n|poke|p2|Garchomp, L50, F|\n|poke|p2|Murkrow, L50, M|\n|teampreview|4\nXZacLee has agreed to open team sheets.\nshiftyyy has agreed to open team sheets.\n|\n|t:|1683563838\n|start\n|switch|p1a: Flutter Mane|Flutter Mane, L50|100\/100\n|switch|p1b: Torkoal|Torkoal, L50, M|100\/100\n|switch|p2a: Gyarados|Gyarados, L50, F|100\/100\n|switch|p2b: Iron Hands|Iron Hands, L50|100\/100\n|-ability|p2a: Gyarados|Intimidate|boost\n|-unboost|p1a: Flutter Mane|atk|1\n|-unboost|p1b: Torkoal|atk|1\n|-enditem|p1b: Torkoal|Eject Pack\n|\n|t:|1683563846\n|switch|p1b: Jumpluff|Jumpluff, L50, F|100\/100\n|turn|1\n|\n|t:|1683563866\n|-end|p1a: Flutter Mane|Protosynthesis|[silent]\n|switch|p1a: Kingambit|Kingambit, L50, F|100\/100\n|-terastallize|p2b: Iron Hands|Grass\n|move|p1b: Jumpluff|Sleep Powder|p2a: Gyarados|[miss]\n|-miss|p1b: Jumpluff|p2a: Gyarados\n|move|p2a: Gyarados|Taunt|p1b: Jumpluff\n|-start|p1b: Jumpluff|move: Taunt\n|move|p2b: Iron Hands|Heavy Slam|p1a: Kingambit\n|-resisted|p1a: Kingambit\n|-crit|p1a: Kingambit\n|-damage|p1a: Kingambit|82\/100\n|\n|upkeep\n|turn|2\n|\n|t:|1683563893\n|switch|p1b: Torkoal|Torkoal, L50, M|100\/100\n|-weather|SunnyDay|[from] ability: Drought|[of] p1b: Torkoal\n|switch|p1a: Flutter Mane|Flutter Mane, L50|100\/100\n|-activate|p1a: Flutter Mane|ability: Protosynthesis\n|-start|p1a: Flutter Mane|protosynthesisspa\n|-end|p2b: Iron Hands|Quark Drive|[silent]\n|switch|p2b: Chi-Yu|Chi-Yu, L50|100\/100\n|-ability|p2b: Chi-Yu|Beads of Ruin\n|move|p2a: Gyarados|Waterfall|p1a: Flutter Mane\n|-damage|p1a: Flutter Mane|73\/100\n|\n|-weather|SunnyDay|[upkeep]\n|upkeep\n|turn|3\n|\n|t:|1683563926\n|-terastallize|p1a: Flutter Mane|Fairy\n|move|p1b: Torkoal|Helping Hand|p1a: Flutter Mane\n|-singleturn|p1a: Flutter Mane|Helping Hand|[of] p1b: Torkoal\n|move|p2a: Gyarados|Protect|p2a: Gyarados\n|-singleturn|p2a: Gyarados|Protect\n|move|p1a: Flutter Mane|Dazzling Gleam|p2a: Gyarados|[spread] p2b\n|-activate|p2a: Gyarados|move: Protect\n|-damage|p2b: Chi-Yu|0 fnt\n|faint|p2b: Chi-Yu\n|\n|-weather|SunnyDay|[upkeep]\n|upkeep\n|\n|t:|1683563936\n|switch|p2b: Iron Hands|Iron Hands, L50, tera:Grass|100\/100\n|turn|4\n|\n|t:|1683563949\n|-end|p1a: Flutter Mane|Protosynthesis|[silent]\n|switch|p1a: Kingambit|Kingambit, L50, F|82\/100\n|move|p2a: Gyarados|Thunder Wave|p1a: Kingambit\n|-status|p1a: Kingambit|par\n|move|p2b: Iron Hands|Drain Punch|p1a: Kingambit\n|-supereffective|p1a: Kingambit\n|-damage|p1a: Kingambit|0 fnt\n|faint|p1a: Kingambit\n|move|p1b: Torkoal|Fissure|p2b: Iron Hands\n|-damage|p2b: Iron Hands|0 fnt\n|faint|p2b: Iron Hands\n|-end|p2b: Iron Hands|Quark Drive|[silent]\n|-ohko\n|\n|-weather|SunnyDay|[upkeep]\n|upkeep\n|-message|shiftyyy forfeited.\n|\n|win|XZacLee\n|raw|XZacLee's rating: 1511 → 1533<\/strong> (+22 for winning)\n|raw|shiftyyy's rating: 1551 → 1529<\/strong> (-22 for losing)\n|l|\u2606shiftyyy\n","uploadtime":1683564226,"views":8,"p1id":"xzaclee","p2id":"shiftyyy","formatid":"gen9vgc2023regulationc","rating":1529,"private":0,"password":""}