{"id":"gen9vgc2023regulationc-1847320716","p1":"DuelLuna","p2":"Samythril","format":"[Gen 9] VGC 2023 Regulation C","log":"|j|\u2606DuelLuna\n|j|\u2606Samythril\n|t:|1681938170\n|gametype|doubles\n|player|p1|DuelLuna|caitlin|\n|player|p2|Samythril|flannery|\n|teamsize|p1|6\n|teamsize|p2|6\n|gen|9\n|tier|[Gen 9] VGC 2023 Regulation C\n|rule|Species Clause: Limit one of each Pok\u00e9mon\n|rule|Item Clause: Limit one of each item\n|clearpoke\n|poke|p1|Hippowdon, L50, M|\n|poke|p1|Bellibolt, L50, F|\n|poke|p1|Amoonguss, L50, M|\n|poke|p1|Slowbro, L50, M|\n|poke|p1|Morgrem, L50, M|\n|poke|p1|Iron Moth, L50|\n|poke|p2|Kilowattrel, L50, M|\n|poke|p2|Baxcalibur, L50, F|\n|poke|p2|Volcarona, L50, M|\n|poke|p2|Klefki, L50, F|\n|poke|p2|Great Tusk, L50|\n|poke|p2|Gardevoir, L50, M|\n|teampreview|4\nDuelLuna has agreed to open team sheets.\nSamythril rejected open team sheets.\n|\n|t:|1681938210\n|start\n|switch|p1a: Amoonguss|Amoonguss, L50, M|100\/100\n|switch|p1b: Slowbro|Slowbro, L50, M|100\/100\n|switch|p2a: Kilowattrel|Kilowattrel, L50, M|100\/100\n|switch|p2b: Gardevoir|Gardevoir, L50, M|100\/100\n|turn|1\n|c|\u2606Samythril|i just realized smth i shouldve done different but its alright\n|c|\u2606Samythril|ill let you know afterwards\n|\n|t:|1681938272\n|move|p1a: Amoonguss|Rage Powder|p1a: Amoonguss\n|-singleturn|p1a: Amoonguss|move: Rage Powder\n|move|p2a: Kilowattrel|Discharge|p1a: Amoonguss|[spread] p1a,p1b\n|-activate|p2b: Gardevoir|ability: Telepathy\n|-resisted|p1a: Amoonguss\n|-supereffective|p1b: Slowbro\n|-enditem|p1b: Slowbro|Wacan Berry|[eat]\n|-enditem|p1b: Slowbro|Wacan Berry|[weaken]\n|-damage|p1a: Amoonguss|88\/100\n|-damage|p1b: Slowbro|77\/100\n|-status|p1b: Slowbro|par\n|-enditem|p1a: Amoonguss|Eject Button\n|\n|t:|1681938289\n|switch|p1a: Bellibolt|Bellibolt, L50, F|100\/100\n|move|p2b: Gardevoir|Taunt|p1b: Slowbro\n|-immune|p1b: Slowbro|[from] ability: Oblivious\n|move|p1b: Slowbro|Trick Room|p1b: Slowbro\n|-fieldstart|move: Trick Room|[of] p1b: Slowbro\n|\n|upkeep\n|turn|2\n|c|\u2606Samythril|aaand i forgot about that\n|\n|t:|1681938319\n|move|p1b: Slowbro|Bulldoze|p2a: Kilowattrel|[spread] p1a,p2b\n|-immune|p2a: Kilowattrel\n|-supereffective|p1a: Bellibolt\n|-damage|p1a: Bellibolt|85\/100\n|-damage|p2b: Gardevoir|87\/100\n|-unboost|p1a: Bellibolt|spe|1\n|-unboost|p2b: Gardevoir|spe|1\n|-start|p1a: Bellibolt|Charge|Bulldoze|[from] ability: Electromorphosis\n|-enditem|p1a: Bellibolt|Weakness Policy\n|-boost|p1a: Bellibolt|atk|2|[from] item: Weakness Policy\n|-boost|p1a: Bellibolt|spa|2|[from] item: Weakness Policy\n|move|p1a: Bellibolt|Discharge|p2b: Gardevoir|[spread] p1b,p2a,p2b\n|-supereffective|p1b: Slowbro\n|-damage|p1b: Slowbro|0 fnt\n|-enditem|p2a: Kilowattrel|Focus Sash\n|-damage|p2a: Kilowattrel|1\/100\n|-damage|p2b: Gardevoir|0 fnt\n|faint|p1b: Slowbro\n|faint|p2b: Gardevoir\n|-end|p1a: Bellibolt|Charge|[silent]\n|move|p2a: Kilowattrel|Thunderbolt|p1a: Bellibolt\n|-resisted|p1a: Bellibolt\n|-damage|p1a: Bellibolt|66\/100\n|-start|p1a: Bellibolt|Charge|Thunderbolt|[from] ability: Electromorphosis\n|\n|upkeep\n|\n|t:|1681938344\n|switch|p1b: Hippowdon|Hippowdon, L50, M|100\/100\n|switch|p2b: Baxcalibur|Baxcalibur, L50, F|100\/100\n|-weather|Sandstorm|[from] ability: Sand Stream|[of] p1b: Hippowdon\n|turn|3\n|\n|t:|1681938371\n|-terastallize|p1a: Bellibolt|Fairy\n|-terastallize|p2b: Baxcalibur|Ground\n|move|p2a: Kilowattrel|Protect|p2a: Kilowattrel\n|-singleturn|p2a: Kilowattrel|Protect\n|move|p1a: Bellibolt|Tera Blast|p2b: Baxcalibur\n|-damage|p2b: Baxcalibur|18\/100\n|move|p1b: Hippowdon|Stomping Tantrum|p2b: Baxcalibur\n|-damage|p2b: Baxcalibur|0 fnt\n|faint|p2b: Baxcalibur\n|-damage|p1b: Hippowdon|91\/100|[from] item: Life Orb\n|\n|-weather|Sandstorm|[upkeep]\n|-damage|p1a: Bellibolt|60\/100|[from] Sandstorm\n|-damage|p2a: Kilowattrel|0 fnt|[from] Sandstorm\n|faint|p2a: Kilowattrel\n|upkeep\n|c|\u2606Samythril|wow gg\n|\n|t:|1681938389\n|switch|p2b: Great Tusk|Great Tusk, L50|100\/100\n|turn|4\n|\n|t:|1681938395\n|move|p1a: Bellibolt|Tera Blast|p2b: Great Tusk\n|-supereffective|p2b: Great Tusk\n|-damage|p2b: Great Tusk|0 fnt\n|faint|p2b: Great Tusk\n|-end|p2b: Great Tusk|Protosynthesis|[silent]\n|\n|win|DuelLuna\n|c|\u2606DuelLuna|Gg\n","uploadtime":1681938404,"views":9,"p1id":"duelluna","p2id":"samythril","formatid":"gen9vgc2023regulationc","rating":0,"private":0,"password":""}