{"id":"gen9vgc2023regulationc-1857336239","p1":"rina slaywayama","p2":"brunovisk2","format":"[Gen 9] VGC 2023 Regulation C","log":"|j|\u2606rina slaywayama\n|j|\u2606brunovisk2\n|t:|1683175443\n|gametype|doubles\n|player|p1|rina slaywayama|169|\n|player|p2|brunovisk2|bruno|\n|teamsize|p1|6\n|teamsize|p2|6\n|gen|9\n|tier|[Gen 9] VGC 2023 Regulation C\n|rated|Tournament battle\n|rule|Species Clause: Limit one of each Pok\u00e9mon\n|rule|Item Clause: Limit one of each item\n|clearpoke\n|poke|p1|Ting-Lu, L50|\n|poke|p1|Iron Bundle, L50|\n|poke|p1|Rotom-Wash, L50|\n|poke|p1|Abomasnow, L50, M|\n|poke|p1|Arcanine, L50, M|\n|poke|p1|Bronzong, L50|\n|poke|p2|Palafin, L50, F|\n|poke|p2|Arcanine, L50, F|\n|poke|p2|Amoonguss, L50, F|\n|poke|p2|Ting-Lu, L50|\n|poke|p2|Dragonite, L50, F|\n|poke|p2|Flutter Mane, L50|\n|teampreview|4\n|raw| Open Team Sheet for rina slaywayama<\/summary>Ting-Lu @ Choice Band Ability: Vessel of Ruin Level: 50 Tera Type: Ground - Earthquake - Throat Chop - Rock Slide - Stomping Tantrum Iron Bundle @ Choice Specs Ability: Quark Drive Level: 50 Tera Type: Ice - Blizzard - Freeze-Dry - Icy Wind - Hydro Pump Rotom (Rotom-Wash) @ Assault Vest Ability: Levitate Level: 50 Tera Type: Grass - Tera Blast - Thunderbolt - Discharge - Hydro Pump Abomasnow @ Focus Sash Ability: Snow Warning Level: 50 Tera Type: Water - Helping Hand - Protect - Leaf Storm - Blizzard Arcanine @ Sitrus Berry Ability: Intimidate Level: 50 Tera Type: Grass - Flare Blitz - Will-O-Wisp - Helping Hand - Protect Bronzong @ Safety Goggles Ability: Levitate Level: 50 Shiny: Yes Tera Type: Fire - Iron Defense - Body Press - Protect - Trick Room <\/details><\/div> Open Team Sheet for brunovisk2<\/summary>Palafin @ Mystic Water Ability: Zero to Hero Level: 50 Tera Type: Water - Protect - Wave Crash - Substitute - Jet Punch Arcanine @ Safety Goggles Ability: Intimidate Level: 50 Tera Type: Flying - Protect - Flare Blitz - Howl - Will-O-Wisp Amoonguss @ Sitrus Berry Ability: Regenerator Level: 50 Tera Type: Water - Spore - Pollen Puff - Clear Smog - Rage Powder Ting-Lu @ Assault Vest Ability: Vessel of Ruin Level: 50 Tera Type: Poison - Stomping Tantrum - Fissure - Heavy Slam - Stone Edge Dragonite @ Choice Band Ability: Inner Focus Level: 50 Tera Type: Flying - Extreme Speed - Tailwind - Waterfall - Tera Blast Flutter Mane @ Choice Specs Ability: Protosynthesis Level: 50 Tera Type: Fairy - Dazzling Gleam - Shadow Ball - Moonblast - Thunderbolt <\/details><\/div>\n|inactive|Battle timer is ON: inactive players will automatically lose when time's up. (requested by brunovisk2)\n|\n|t:|1683175470\n|start\n|switch|p1a: Abomasnow|Abomasnow, L50, M|100\/100\n|switch|p1b: Iron Bundle|Iron Bundle, L50|100\/100\n|switch|p2a: Flutter Mane|Flutter Mane, L50|100\/100\n|switch|p2b: Dragonite|Dragonite, L50, F|100\/100\n|-weather|Snow|[from] ability: Snow Warning|[of] p1a: Abomasnow\n|turn|1\n|j| teraghostisbad\n|\n|t:|1683175480\n|-terastallize|p1b: Iron Bundle|Ice\n|-terastallize|p2b: Dragonite|Flying\n|move|p1a: Abomasnow|Helping Hand|p1b: Iron Bundle\n|-singleturn|p1b: Iron Bundle|Helping Hand|[of] p1a: Abomasnow\n|move|p1b: Iron Bundle|Blizzard|p2b: Dragonite|[spread] p2a,p2b\n|-supereffective|p2b: Dragonite\n|-damage|p2a: Flutter Mane|0 fnt\n|-damage|p2b: Dragonite|0 fnt\n|faint|p2a: Flutter Mane\n|-end|p2a: Flutter Mane|Protosynthesis|[silent]\n|faint|p2b: Dragonite\n|\n|-weather|Snow|[upkeep]\n|upkeep\n|\n|t:|1683175487\n|switch|p2a: Ting-Lu|Ting-Lu, L50|100\/100\n|switch|p2b: Arcanine|Arcanine, L50, F|100\/100\n|-ability|p2b: Arcanine|Intimidate|boost\n|-unboost|p1a: Abomasnow|atk|1\n|-unboost|p1b: Iron Bundle|atk|1\n|-ability|p2a: Ting-Lu|Vessel of Ruin\n|turn|2\n|\n|t:|1683175494\n|move|p1a: Abomasnow|Helping Hand|p1b: Iron Bundle\n|-singleturn|p1b: Iron Bundle|Helping Hand|[of] p1a: Abomasnow\n|move|p1b: Iron Bundle|Blizzard|p2a: Ting-Lu|[spread] p2a,p2b\n|-supereffective|p2a: Ting-Lu\n|-resisted|p2b: Arcanine\n|-damage|p2a: Ting-Lu|0 fnt\n|-damage|p2b: Arcanine|60\/100\n|faint|p2a: Ting-Lu\n|move|p2b: Arcanine|Flare Blitz|p1b: Iron Bundle\n|-supereffective|p1b: Iron Bundle\n|-damage|p1b: Iron Bundle|30\/100\n|-damage|p2b: Arcanine|44\/100|[from] Recoil\n|\n|-weather|Snow|[upkeep]\n|upkeep\n|turn|3\n|-message|brunovisk2 forfeited.\n|\n|win|rina slaywayama\n|n|\u2606rina slaywayama|rinaslaywayama\n|n|\u2606brunovisk2|brunovisk2\n|n| teraghostisbad|teraghostisbad\n|l|\u2606brunovisk2\n","uploadtime":1683175525,"views":5,"p1id":"rinaslaywayama","p2id":"brunovisk2","formatid":"gen9vgc2023regulationc","rating":0,"private":0,"password":""}