{"id":"gen9vgc2023regulationc-1854754585","p1":"AfuroVictini","p2":"Sirotik","format":"[Gen 9] VGC 2023 Regulation C","log":"|j|\u2606AfuroVictini\n|j|\u2606Sirotik\n|t:|1682861743\n|gametype|doubles\n|player|p1|AfuroVictini|lillie-masters2|\n|player|p2|Sirotik|evelyn|\n|teamsize|p1|6\n|teamsize|p2|6\n|gen|9\n|tier|[Gen 9] VGC 2023 Regulation C\n|rule|Species Clause: Limit one of each Pok\u00e9mon\n|rule|Item Clause: Limit one of each item\n|clearpoke\n|poke|p1|Amoonguss, L50, M|\n|poke|p1|Chi-Yu, L50|\n|poke|p1|Azumarill, L50, M|\n|poke|p1|Volcarona, L50, M|\n|poke|p1|Dragapult, L50, M|\n|poke|p1|Flutter Mane, L50|\n|poke|p2|Meowscarada, L50, M|\n|poke|p2|Krookodile, L50, M|\n|poke|p2|Amoonguss, L50, M|\n|poke|p2|Talonflame, L50, F|\n|poke|p2|Chien-Pao, L50|\n|poke|p2|Flutter Mane, L50|\n|teampreview|4\nAfuroVictini has agreed to open team sheets.\nSirotik has agreed to open team sheets.\n|\n|t:|1682861774\n|start\n|switch|p1a: Amoonguss|Amoonguss, L50, M|100\/100\n|switch|p1b: Dragapult|Dragapult, L50, M|100\/100\n|switch|p2a: Chien-Pao|Chien-Pao, L50|100\/100\n|switch|p2b: Flutter Mane|Flutter Mane, L50|100\/100\n|-ability|p2a: Chien-Pao|Sword of Ruin\n|-enditem|p2b: Flutter Mane|Booster Energy\n|-activate|p2b: Flutter Mane|ability: Protosynthesis|[fromitem]\n|-start|p2b: Flutter Mane|protosynthesisspe\n|turn|1\n|\n|t:|1682861830\n|move|p1b: Dragapult|Protect|p1b: Dragapult\n|-singleturn|p1b: Dragapult|Protect\n|move|p2b: Flutter Mane|Dazzling Gleam|p1a: Amoonguss|[spread] p1a\n|-activate|p1b: Dragapult|move: Protect\n|-resisted|p1a: Amoonguss\n|-damage|p1a: Amoonguss|87\/100\n|move|p2a: Chien-Pao|Ice Spinner|p1a: Amoonguss\n|-supereffective|p1a: Amoonguss\n|-damage|p1a: Amoonguss|0 fnt\n|faint|p1a: Amoonguss\n|\n|upkeep\n|\n|t:|1682861839\n|switch|p1a: Yoimiya|Chi-Yu, L50|100\/100\n|-ability|p1a: Yoimiya|Beads of Ruin\n|turn|2\n|\n|t:|1682861864\n|-terastallize|p2a: Chien-Pao|Dark\n|move|p2b: Flutter Mane|Moonblast|p1b: Dragapult\n|-supereffective|p1b: Dragapult\n|-damage|p1b: Dragapult|0 fnt\n|faint|p1b: Dragapult\n|move|p1a: Yoimiya|Heat Wave|p2b: Flutter Mane|[spread] p2a,p2b\n|-damage|p2a: Chien-Pao|7\/100\n|-damage|p2b: Flutter Mane|43\/100\n|move|p2a: Chien-Pao|Sacred Sword|p1a: Yoimiya\n|-supereffective|p1a: Yoimiya\n|-damage|p1a: Yoimiya|0 fnt\n|faint|p1a: Yoimiya\n|\n|upkeep\n|\n|t:|1682861869\n|switch|p1b: Flutter Mane|Flutter Mane, L50|100\/100\n|-enditem|p1b: Flutter Mane|Booster Energy\n|-activate|p1b: Flutter Mane|ability: Protosynthesis|[fromitem]\n|-start|p1b: Flutter Mane|protosynthesisspe\n|turn|3\n|\n|t:|1682861885\n|-terastallize|p1b: Flutter Mane|Fairy\n|move|p2a: Chien-Pao|Sucker Punch|p1b: Flutter Mane\n|-resisted|p1b: Flutter Mane\n|-damage|p1b: Flutter Mane|38\/100\n|move|p1b: Flutter Mane|Dazzling Gleam|p2a: Chien-Pao|[spread] p2a,p2b\n|-supereffective|p2a: Chien-Pao\n|-damage|p2a: Chien-Pao|0 fnt\n|-damage|p2b: Flutter Mane|0 fnt\n|faint|p2a: Chien-Pao\n|faint|p2b: Flutter Mane\n|-end|p2b: Flutter Mane|Protosynthesis|[silent]\n|\n|upkeep\n|\n|t:|1682861895\n|switch|p2a: Meowscarada|Meowscarada, L50, M|100\/100\n|switch|p2b: Krookodile|Krookodile, L50, M|100\/100\n|turn|4\n|c|\u2606AfuroVictini|GG\n|\n|t:|1682861907\n|move|p2b: Krookodile|Protect|p2b: Krookodile\n|-singleturn|p2b: Krookodile|Protect\n|move|p1b: Flutter Mane|Shadow Ball|p2b: Krookodile\n|-activate|p2b: Krookodile|move: Protect\n|move|p2a: Meowscarada|Flower Trick|p1b: Flutter Mane\n|-start|p2a: Meowscarada|typechange|Grass|[from] ability: Protean\n|-crit|p1b: Flutter Mane\n|-damage|p1b: Flutter Mane|0 fnt\n|faint|p1b: Flutter Mane\n|-end|p1b: Flutter Mane|Protosynthesis|[silent]\n|\n|win|Sirotik\n|c|\u2606Sirotik|GG\n|c|\u2606AfuroVictini|Es muy solido eh\n|c|\u2606AfuroVictini|te prometo que estoy dudando de si cambiarlo\n","uploadtime":1682861939,"views":12,"p1id":"afurovictini","p2id":"sirotik","formatid":"gen9vgc2023regulationc","rating":0,"private":0,"password":""}