{"id":"gen9vgc2023regulationc-1862921101","p1":"Inferno prodigy","p2":"AndrwApple","format":"[Gen 9] VGC 2023 Regulation C","log":"|j|\u2606Inferno prodigy\n|j|\u2606AndrwApple\n|t:|1683938651\n|gametype|doubles\n|player|p1|Inferno prodigy|1|1623\n|player|p2|AndrwApple|jasmine-masters2|1661\n|teamsize|p1|6\n|teamsize|p2|6\n|gen|9\n|tier|[Gen 9] VGC 2023 Regulation C\n|rated|\n|rule|Species Clause: Limit one of each Pok\u00e9mon\n|rule|Item Clause: Limit one of each item\n|clearpoke\n|poke|p1|Dragonite, L50, M|\n|poke|p1|Kingambit, L50, F|\n|poke|p1|Flutter Mane, L50|\n|poke|p1|Ting-Lu, L50|\n|poke|p1|Gyarados, L50, M|\n|poke|p1|Amoonguss, L50, F|\n|poke|p2|Baxcalibur, L50, M|\n|poke|p2|Iron Bundle, L50|\n|poke|p2|Flutter Mane, L50|\n|poke|p2|Annihilape, L50, F|\n|poke|p2|Arcanine, L50, M|\n|poke|p2|Abomasnow, L50, F|\n|teampreview|4\n|j| Pokeway96\n|c|\u2606AndrwApple|Glhf\n|l| Pokeway96\n|\n|t:|1683938686\n|start\n|switch|p1a: Ting-Lu|Ting-Lu, L50|100\/100\n|switch|p1b: Kingambit|Kingambit, L50, F|100\/100\n|switch|p2a: Eskimo|Iron Bundle, L50|100\/100\n|switch|p2b: Santa|Abomasnow, L50, F|100\/100\n|-weather|Snow|[from] ability: Snow Warning|[of] p2b: Santa\n|-ability|p1a: Ting-Lu|Vessel of Ruin\n|turn|1\n|\n|t:|1683938695\n|move|p2a: Eskimo|Blizzard|p1a: Ting-Lu|[spread] p1a,p1b\n|-supereffective|p1a: Ting-Lu\n|-resisted|p1b: Kingambit\n|-damage|p1a: Ting-Lu|59\/100\n|-damage|p1b: Kingambit|77\/100\n|move|p2b: Santa|Aurora Veil|p2b: Santa\n|-sidestart|p2: AndrwApple|move: Aurora Veil\n|move|p1b: Kingambit|Swords Dance|p1b: Kingambit\n|-boost|p1b: Kingambit|atk|2\n|move|p1a: Ting-Lu|Heavy Slam|p2b: Santa\n|-supereffective|p2b: Santa\n|-damage|p2b: Santa|60\/100\n|\n|-weather|Snow|[upkeep]\n|upkeep\n|turn|2\n|\n|t:|1683938722\n|move|p1b: Kingambit|Sucker Punch|p2b: Santa\n|-damage|p2b: Santa|22\/100\n|move|p2a: Eskimo|Blizzard|p1a: Ting-Lu|[spread] p1a,p1b\n|-supereffective|p1a: Ting-Lu\n|-resisted|p1b: Kingambit\n|-damage|p1a: Ting-Lu|15\/100\n|-damage|p1b: Kingambit|56\/100\n|move|p2b: Santa|Blizzard|p1b: Kingambit|[spread] p1a,p1b\n|-supereffective|p1a: Ting-Lu\n|-resisted|p1b: Kingambit\n|-crit|p1b: Kingambit\n|-damage|p1a: Ting-Lu|0 fnt\n|-damage|p1b: Kingambit|37\/100\n|faint|p1a: Ting-Lu\n|\n|-weather|Snow|[upkeep]\n|upkeep\n|\n|t:|1683938726\n|switch|p1a: Flutter Mane|Flutter Mane, L50|100\/100\n|-enditem|p1a: Flutter Mane|Booster Energy\n|-activate|p1a: Flutter Mane|ability: Protosynthesis|[fromitem]\n|-start|p1a: Flutter Mane|protosynthesisspa\n|turn|3\n|\n|t:|1683938732\n|-terastallize|p2a: Eskimo|Ice\n|move|p2b: Santa|Helping Hand|p2a: Eskimo\n|-singleturn|p2a: Eskimo|Helping Hand|[of] p2b: Santa\n|move|p1b: Kingambit|Sucker Punch||[still]\n|-fail|p1b: Kingambit\n|move|p2a: Eskimo|Blizzard|p1a: Flutter Mane|[spread] p1a,p1b\n|-resisted|p1b: Kingambit\n|-damage|p1a: Flutter Mane|0 fnt\n|-damage|p1b: Kingambit|0 fnt\n|faint|p1a: Flutter Mane\n|-end|p1a: Flutter Mane|Protosynthesis|[silent]\n|faint|p1b: Kingambit\n|\n|-weather|Snow|[upkeep]\n|upkeep\n|-message|Inferno prodigy forfeited.\n|\n|win|AndrwApple\n|raw|Inferno prodigy's rating: 1623 → 1605<\/strong> (-18 for losing)\n|raw|AndrwApple's rating: 1661 → 1679<\/strong> (+18 for winning)\n|l|\u2606Inferno prodigy\n","uploadtime":1683938748,"views":12,"p1id":"infernoprodigy","p2id":"andrwapple","formatid":"gen9vgc2023regulationc","rating":1605,"private":0,"password":""}