{"id":"gen9vgc2023regulationc-1854335869","p1":"Jscoot12","p2":"birIkiUc","format":"[Gen 9] VGC 2023 Regulation C","log":"|j|\u2606Jscoot12\n|j|\u2606birIkiUc\n|t:|1682798426\n|gametype|doubles\n|player|p1|Jscoot12|265|1208\n|player|p2|birIkiUc|bugcatcher-gen4dp|1206\n|teamsize|p1|6\n|teamsize|p2|6\n|gen|9\n|tier|[Gen 9] VGC 2023 Regulation C\n|rated|\n|rule|Species Clause: Limit one of each Pok\u00e9mon\n|rule|Item Clause: Limit one of each item\n|clearpoke\n|poke|p1|Orthworm, L50, M|\n|poke|p1|Dragonite, L50, F|\n|poke|p1|Flutter Mane, L50|\n|poke|p1|Chi-Yu, L50|\n|poke|p1|Gastrodon-East, L50, F|\n|poke|p1|Baxcalibur, L50, F|\n|poke|p2|Murkrow, L50, F|\n|poke|p2|Iron Moth, L50|\n|poke|p2|Flutter Mane, L50|\n|poke|p2|Garchomp, L50, M|\n|poke|p2|Brute Bonnet, L50|\n|poke|p2|Corviknight, L50, F|\n|teampreview|4\n|inactive|Battle timer is ON: inactive players will automatically lose when time's up. (requested by birIkiUc)\n|inactive|birIkiUc has 60 seconds left.\n|\n|t:|1682798476\n|start\n|switch|p1a: Chi-Yu|Chi-Yu, L50|100\/100\n|switch|p1b: Flutter Mane|Flutter Mane, L50|100\/100\n|switch|p2a: Murkrow|Murkrow, L50, F, shiny|100\/100\n|switch|p2b: Flutter Mane|Flutter Mane, L50|100\/100\n|-ability|p1a: Chi-Yu|Beads of Ruin\n|-enditem|p1b: Flutter Mane|Booster Energy\n|-activate|p1b: Flutter Mane|ability: Protosynthesis|[fromitem]\n|-start|p1b: Flutter Mane|protosynthesisspe\n|turn|1\n|inactive|birIkiUc has 30 seconds left.\n|\n|t:|1682798504\n|-terastallize|p1a: Chi-Yu|Grass\n|move|p2a: Murkrow|Tailwind|p2a: Murkrow\n|-sidestart|p2: birIkiUc|move: Tailwind\n|move|p2b: Flutter Mane|Shadow Ball|p1b: Flutter Mane\n|-supereffective|p1b: Flutter Mane\n|-damage|p1b: Flutter Mane|0 fnt\n|faint|p1b: Flutter Mane\n|-end|p1b: Flutter Mane|Protosynthesis|[silent]\n|move|p1a: Chi-Yu|Heat Wave|p2b: Flutter Mane|[spread] p2a,p2b\n|-damage|p2a: Murkrow|20\/100\n|-damage|p2b: Flutter Mane|26\/100\n|\n|upkeep\n|\n|t:|1682798517\n|switch|p1b: Baxcalibur|Baxcalibur, L50, F|100\/100\n|turn|2\n|\n|t:|1682798538\n|move|p2a: Murkrow|Sunny Day|p2a: Murkrow\n|-weather|SunnyDay\n|-activate|p2b: Flutter Mane|ability: Protosynthesis\n|-start|p2b: Flutter Mane|protosynthesisspa\n|move|p1b: Baxcalibur|Ice Shard|p2b: Flutter Mane\n|-damage|p2b: Flutter Mane|0 fnt\n|faint|p2b: Flutter Mane\n|-end|p2b: Flutter Mane|Protosynthesis|[silent]\n|-damage|p1b: Baxcalibur|91\/100|[from] item: Life Orb\n|move|p1a: Chi-Yu|Heat Wave|p2a: Murkrow\n|-damage|p2a: Murkrow|0 fnt\n|faint|p2a: Murkrow\n|\n|-weather|SunnyDay|[upkeep]\n|upkeep\n|\n|t:|1682798545\n|switch|p2b: Garchomp|Garchomp, L50, M|100\/100\n|switch|p2a: Iron Moth|Iron Moth, L50|100\/100\n|-enditem|p2a: Iron Moth|Booster Energy\n|-activate|p2a: Iron Moth|ability: Quark Drive|[fromitem]\n|-start|p2a: Iron Moth|quarkdrivespa\n|turn|3\n|inactive|birIkiUc has 30 seconds left.\n|\n|t:|1682798570\n|-terastallize|p2b: Garchomp|Fairy\n|move|p1b: Baxcalibur|Protect|p1b: Baxcalibur\n|-singleturn|p1b: Baxcalibur|Protect\n|move|p2a: Iron Moth|Fiery Dance|p1a: Chi-Yu\n|-supereffective|p1a: Chi-Yu\n|-damage|p1a: Chi-Yu|0 fnt\n|-boost|p2a: Iron Moth|spa|1\n|faint|p1a: Chi-Yu\n|move|p2b: Garchomp|Dragon Claw|p1b: Baxcalibur\n|-activate|p1b: Baxcalibur|move: Protect\n|\n|-weather|SunnyDay|[upkeep]\n|upkeep\n|\n|t:|1682798584\n|switch|p1a: Orthworm|Orthworm, L50, M|100\/100\n|turn|4\n|\n|t:|1682798594\n|move|p2a: Iron Moth|Fiery Dance|p1a: Orthworm\n|-supereffective|p1a: Orthworm\n|-damage|p1a: Orthworm|0 fnt\n|-boost|p2a: Iron Moth|spa|1\n|faint|p1a: Orthworm\n|move|p2b: Garchomp|Dragon Claw|p1b: Baxcalibur\n|-supereffective|p1b: Baxcalibur\n|-damage|p1b: Baxcalibur|0 fnt\n|faint|p1b: Baxcalibur\n|\n|win|birIkiUc\n|raw|Jscoot12's rating: 1208 → 1183<\/strong> (-25 for losing)\n|raw|birIkiUc's rating: 1206 → 1231<\/strong> (+25 for winning)\n","uploadtime":1682798606,"views":22,"p1id":"jscoot12","p2id":"birikiuc","formatid":"gen9vgc2023regulationc","rating":1183,"private":0,"password":""}