{"id":"gen9vgc2023regulationc-1845109894","p1":"killing kongbai","p2":"t4vr","format":"[Gen 9] VGC 2023 Regulation C","log":"|j|\u2606killing kongbai\n|j|\u2606t4vr\n|t:|1681684678\n|gametype|doubles\n|player|p1|killing kongbai|170|1026\n|player|p2|t4vr|101|1107\n|teamsize|p1|6\n|teamsize|p2|6\n|gen|9\n|tier|[Gen 9] VGC 2023 Regulation C\n|rated|\n|rule|Species Clause: Limit one of each Pok\u00e9mon\n|rule|Item Clause: Limit one of each item\n|clearpoke\n|poke|p1|Ursaring, L50, F|\n|poke|p1|Staraptor, L50, M|\n|poke|p1|Indeedee, L50, M|\n|poke|p1|Dragapult, L50, M|\n|poke|p1|Frosmoth, L50, F|\n|poke|p1|Amoonguss, L50, M|\n|poke|p2|Wo-Chien, L50|\n|poke|p2|Gothitelle, L50, F|\n|poke|p2|Arcanine, L50, F|\n|poke|p2|Great Tusk, L50|\n|poke|p2|Palafin, L50, M|\n|poke|p2|Flutter Mane, L50|\n|teampreview|4\n|inactive|Battle timer is ON: inactive players will automatically lose when time's up. (requested by killing kongbai)\n|\n|t:|1681684699\n|start\n|switch|p1a: Amoonguss|Amoonguss, L50, M|100\/100\n|switch|p1b: Staraptor|Staraptor, L50, M|100\/100\n|switch|p2a: Great Tusk|Great Tusk, L50|100\/100\n|switch|p2b: Flutter Mane|Flutter Mane, L50|100\/100\n|turn|1\n|\n|t:|1681684719\n|-end|p2a: Great Tusk|Protosynthesis|[silent]\n|switch|p2a: Arcanine|Arcanine, L50, F|100\/100\n|-ability|p2a: Arcanine|Intimidate|boost\n|-unboost|p1a: Amoonguss|atk|1\n|-unboost|p1b: Staraptor|atk|1\n|move|p2b: Flutter Mane|Protect|p2b: Flutter Mane\n|-singleturn|p2b: Flutter Mane|Protect\n|move|p1a: Amoonguss|Rage Powder|p1a: Amoonguss\n|-singleturn|p1a: Amoonguss|move: Rage Powder\n|move|p1b: Staraptor|Brave Bird|p2b: Flutter Mane\n|-activate|p2b: Flutter Mane|move: Protect\n|\n|upkeep\n|turn|2\n|inactive|killing kongbai has 30 seconds left.\n|inactive|t4vr has 30 seconds left.\n|inactive|killing kongbai has 20 seconds left.\n|\n|t:|1681684754\n|switch|p1b: Indeedee|Indeedee, L50, M|100\/100\n|-fieldstart|move: Psychic Terrain|[from] ability: Psychic Surge|[of] p1b: Indeedee\n|-end|p2b: Flutter Mane|Protosynthesis|[silent]\n|switch|p2b: Great Tusk|Great Tusk, L50|100\/100\n|move|p2a: Arcanine|Flare Blitz|p1a: Amoonguss\n|-supereffective|p1a: Amoonguss\n|-damage|p1a: Amoonguss|32\/100\n|-damage|p2a: Arcanine|73\/100|[from] Recoil\n|move|p1a: Amoonguss|Toxic|p2a: Arcanine\n|-status|p2a: Arcanine|tox\n|\n|-heal|p1a: Amoonguss|38\/100|[from] item: Black Sludge\n|-damage|p2a: Arcanine|67\/100 tox|[from] psn\n|upkeep\n|turn|3\n|inactive|t4vr has 30 seconds left.\n|inactive|t4vr has 20 seconds left.\n|\n|t:|1681684792\n|switch|p2a: Flutter Mane|Flutter Mane, L50|100\/100\n|switch|p1a: Staraptor|Staraptor, L50, M|100\/100\n|-terastallize|p2b: Great Tusk|Steel\n|move|p1b: Indeedee|Psychic|p2b: Great Tusk\n|-resisted|p2b: Great Tusk\n|-damage|p2b: Great Tusk|72\/100\n|-damage|p1b: Indeedee|91\/100|[from] item: Life Orb\n|move|p2b: Great Tusk|Ice Spinner|p1a: Staraptor\n|-supereffective|p1a: Staraptor\n|-crit|p1a: Staraptor\n|-damage|p1a: Staraptor|0 fnt\n|-fieldend|move: Psychic Terrain\n|faint|p1a: Staraptor\n|\n|upkeep\n|\n|t:|1681684803\n|switch|p1a: Dragapult|Dragapult, L50, M|100\/100\n|turn|4\n|\n|t:|1681684826\n|-end|p2b: Great Tusk|Protosynthesis|[silent]\n|switch|p2b: Wo-Chien|Wo-Chien, L50|100\/100\n|-ability|p2b: Wo-Chien|Tablets of Ruin\n|move|p2a: Flutter Mane|Shadow Ball|p1a: Dragapult\n|-supereffective|p1a: Dragapult\n|-damage|p1a: Dragapult|0 fnt\n|faint|p1a: Dragapult\n|-damage|p2a: Flutter Mane|91\/100|[from] item: Life Orb\n|move|p1b: Indeedee|Shadow Ball|p2a: Flutter Mane\n|-supereffective|p2a: Flutter Mane\n|-damage|p2a: Flutter Mane|28\/100\n|-damage|p1b: Indeedee|81\/100|[from] item: Life Orb\n|\n|upkeep\n|-message|killing kongbai forfeited.\n|\n|win|t4vr\n|raw|killing kongbai's rating: 1026 → 1015<\/strong> (-11 for losing)\n|raw|t4vr's rating: 1107 → 1126<\/strong> (+19 for winning)\n|l|\u2606killing kongbai\n","uploadtime":1681684850,"views":12,"p1id":"killingkongbai","p2id":"t4vr","formatid":"gen9vgc2023regulationc","rating":1015,"private":0,"password":""}