{"id":"gen9vgc2023regulationc-1852280601","p1":"Steakman5","p2":"hoku95","format":"[Gen 9] VGC 2023 Regulation C","log":"|j|\u2606Steakman5\n|j|\u2606hoku95\n|t:|1682539633\n|gametype|doubles\n|player|p1|Steakman5|swimmer-gen4|1089\n|player|p2|hoku95|hugh|1103\n|teamsize|p1|6\n|teamsize|p2|6\n|gen|9\n|tier|[Gen 9] VGC 2023 Regulation C\n|rated|\n|rule|Species Clause: Limit one of each Pok\u00e9mon\n|rule|Item Clause: Limit one of each item\n|clearpoke\n|poke|p1|Ursaring, L50, M|\n|poke|p1|Talonflame, L50, M|\n|poke|p1|Flutter Mane, L50|\n|poke|p1|Amoonguss, L50, M|\n|poke|p1|Klefki, L50, F|\n|poke|p1|Ting-Lu, L50|\n|poke|p2|Great Tusk, L50|\n|poke|p2|Amoonguss, L50, M|\n|poke|p2|Flutter Mane, L50|\n|poke|p2|Murkrow, L50, F|\n|poke|p2|Rotom-Wash, L50|\n|poke|p2|Arcanine, L50, M|\n|teampreview|4\n|inactive|Battle timer is ON: inactive players will automatically lose when time's up. (requested by Steakman5)\n|\n|t:|1682539678\n|start\n|switch|p1a: Ursaring|Ursaring, L50, M|100\/100\n|switch|p1b: Talonflame|Talonflame, L50, M|100\/100\n|switch|p2a: Murkrow|Murkrow, L50, F|100\/100\n|switch|p2b: Arcanine|Arcanine, L50, M|100\/100\n|-ability|p2b: Arcanine|Intimidate|boost\n|-unboost|p1a: Ursaring|atk|1\n|-unboost|p1b: Talonflame|atk|1\n|turn|1\n|inactive|Steakman5 has 30 seconds left.\n|\n|t:|1682539705\n|-terastallize|p1a: Ursaring|Fairy\n|move|p1b: Talonflame|Tailwind|p1b: Talonflame\n|-sidestart|p1: Steakman5|move: Tailwind\n|move|p2a: Murkrow|Thunder Wave|p1a: Ursaring\n|-status|p1a: Ursaring|par\n|move|p2b: Arcanine|Wild Charge|p1b: Talonflame\n|-supereffective|p1b: Talonflame\n|-crit|p1b: Talonflame\n|-damage|p1b: Talonflame|0 fnt\n|faint|p1b: Talonflame\n|-damage|p2b: Arcanine|81\/100|[from] Recoil\n|move|p1a: Ursaring|Stomping Tantrum|p2b: Arcanine\n|-supereffective|p2b: Arcanine\n|-crit|p2b: Arcanine\n|-damage|p2b: Arcanine|0 fnt\n|faint|p2b: Arcanine\n|\n|upkeep\n|\n|t:|1682539725\n|switch|p1b: Flutter Mane|Flutter Mane, L50|100\/100\n|switch|p2b: Great Tusk|Great Tusk, L50|100\/100\n|-enditem|p1b: Flutter Mane|Booster Energy\n|-activate|p1b: Flutter Mane|ability: Protosynthesis|[fromitem]\n|-start|p1b: Flutter Mane|protosynthesisspe\n|turn|2\n|\n|t:|1682539743\n|-terastallize|p2b: Great Tusk|Grass\n|move|p2a: Murkrow|Tailwind|p2a: Murkrow\n|-sidestart|p2: hoku95|move: Tailwind\n|move|p1b: Flutter Mane|Dazzling Gleam|p2a: Murkrow|[spread] p2a,p2b\n|-supereffective|p2a: Murkrow\n|-damage|p2a: Murkrow|50\/100\n|-damage|p2b: Great Tusk|74\/100\n|move|p2b: Great Tusk|Heavy Slam|p1a: Ursaring\n|-supereffective|p1a: Ursaring\n|-damage|p1a: Ursaring|66\/100 par\n|move|p1a: Ursaring|Facade|p2a: Murkrow\n|-damage|p2a: Murkrow|0 fnt\n|faint|p2a: Murkrow\n|\n|upkeep\n|\n|t:|1682539757\n|switch|p2a: Amoonguss|Amoonguss, L50, M|100\/100\n|turn|3\n|\n|t:|1682539772\n|move|p1b: Flutter Mane|Protect|p1b: Flutter Mane\n|-singleturn|p1b: Flutter Mane|Protect\n|move|p2b: Great Tusk|Headlong Rush|p1a: Ursaring\n|-damage|p1a: Ursaring|14\/100 par\n|-unboost|p2b: Great Tusk|def|1\n|-unboost|p2b: Great Tusk|spd|1\n|move|p2a: Amoonguss|Spore|p1b: Flutter Mane\n|-activate|p1b: Flutter Mane|move: Protect\n|cant|p1a: Ursaring|par\n|\n|upkeep\n|turn|4\n|inactive|Steakman5 has 30 seconds left.\n|inactive|hoku95 has 30 seconds left.\n|l|\u2606hoku95\n|inactive|hoku95 disconnected and has a minute to reconnect!\n|player|p2|\n|inactive|hoku95 has 20 seconds left.\n|inactive|hoku95 has 15 seconds left.\n|inactive|hoku95 has 10 seconds left.\n|inactive|hoku95 has 5 seconds left.\n|-message|hoku95 lost due to inactivity.\n|\n|win|Steakman5\n|raw|Steakman5's rating: 1089 → 1117<\/strong> (+28 for winning)\n|raw|hoku95's rating: 1103 → 1077<\/strong> (-26 for losing)\n","uploadtime":1682539859,"views":11,"p1id":"steakman5","p2id":"hoku95","formatid":"gen9vgc2023regulationc","rating":1077,"private":0,"password":""}