{"id":"gen9vgc2023regulationc-1860960614","p1":"charlotte060","p2":"D-scNSe","format":"[Gen 9] VGC 2023 Regulation C","log":"|j|\u2606charlotte060\n|j|\u2606D-scNSe\n|t:|1683703560\n|gametype|doubles\n|player|p1|charlotte060|102|1251\n|player|p2|D-scNSe|266|1238\n|teamsize|p1|6\n|teamsize|p2|6\n|gen|9\n|tier|[Gen 9] VGC 2023 Regulation C\n|rated|\n|rule|Species Clause: Limit one of each Pok\u00e9mon\n|rule|Item Clause: Limit one of each item\n|clearpoke\n|poke|p1|Gothitelle, L50, M|\n|poke|p1|Scream Tail, L50|\n|poke|p1|Glimmora, L50, F|\n|poke|p1|Chi-Yu, L50|\n|poke|p1|Talonflame, L50, F|\n|poke|p1|Flutter Mane, L50|\n|poke|p2|Flutter Mane, L50|\n|poke|p2|Ting-Lu, L50|\n|poke|p2|Maushold-Four, L50|\n|poke|p2|Annihilape, L50, F|\n|poke|p2|Iron Bundle, L50|\n|poke|p2|Arcanine, L50, M|\n|teampreview|4\n|inactive|Battle timer is ON: inactive players will automatically lose when time's up. (requested by charlotte060)\n|inactive|D-scNSe has 60 seconds left.\n|inactive|D-scNSe has 30 seconds left.\n|inactive|D-scNSe has 20 seconds left.\n|\n|t:|1683703652\n|start\n|switch|p1a: Chi-Yu|Chi-Yu, L50|100\/100\n|switch|p1b: Flutter Mane|Flutter Mane, L50, shiny|100\/100\n|switch|p2a: Maushold|Maushold-Four, L50|100\/100\n|switch|p2b: Annihilape|Annihilape, L50, F|100\/100\n|-ability|p1a: Chi-Yu|Beads of Ruin\n|turn|1\n|\n|t:|1683703668\n|-terastallize|p1b: Flutter Mane|Fairy\n|-terastallize|p2b: Annihilape|Fire\n|move|p1b: Flutter Mane|Dazzling Gleam|p2a: Maushold|[spread] p2a,p2b\n|-resisted|p2b: Annihilape\n|-crit|p2b: Annihilape\n|-damage|p2a: Maushold|45\/100\n|-damage|p2b: Annihilape|74\/100\n|move|p1a: Chi-Yu|Heat Wave|p2b: Annihilape|[spread] p2b\n|-miss|p1a: Chi-Yu|p2a: Maushold\n|-resisted|p2b: Annihilape\n|-damage|p2b: Annihilape|47\/100\n|move|p2a: Maushold|Beat Up|p2b: Annihilape\n|-damage|p2b: Annihilape|45\/100\n|-damage|p2b: Annihilape|43\/100\n|-crit|p2b: Annihilape\n|-damage|p2b: Annihilape|39\/100\n|-damage|p2b: Annihilape|37\/100\n|-hitcount|p2b: Annihilape|4\n|move|p2b: Annihilape|Drain Punch|p1a: Chi-Yu\n|-supereffective|p1a: Chi-Yu\n|-damage|p1a: Chi-Yu|0 fnt\n|-heal|p2b: Annihilape|68\/100|[from] drain|[of] p1a: Chi-Yu\n|faint|p1a: Chi-Yu\n|\n|-heal|p2b: Annihilape|74\/100|[from] item: Leftovers\n|upkeep\n|\n|t:|1683703677\n|switch|p1a: Glimmora|Glimmora, L50, F, shiny|100\/100\n|turn|2\n|inactive|D-scNSe has 30 seconds left.\n|inactive|D-scNSe has 20 seconds left.\n|inactive|D-scNSe has 15 seconds left.\n|inactive|D-scNSe has 10 seconds left.\n|\n|t:|1683703723\n|switch|p2b: Ting-Lu|Ting-Lu, L50|100\/100\n|-ability|p2b: Ting-Lu|Vessel of Ruin\n|move|p2a: Maushold|Protect|p2a: Maushold\n|-singleturn|p2a: Maushold|Protect\n|move|p1b: Flutter Mane|Dazzling Gleam|p2a: Maushold|[spread] p2b\n|-activate|p2a: Maushold|move: Protect\n|-supereffective|p2b: Ting-Lu\n|-damage|p2b: Ting-Lu|73\/100\n|move|p1a: Glimmora|Power Gem|p2b: Ting-Lu\n|-resisted|p2b: Ting-Lu\n|-damage|p2b: Ting-Lu|66\/100\n|\n|upkeep\n|turn|3\n|inactive|D-scNSe has 30 seconds left.\n|\n|t:|1683703756\n|move|p2a: Maushold|Feint|p1b: Flutter Mane\n|-damage|p1b: Flutter Mane|82\/100\n|move|p1b: Flutter Mane|Dazzling Gleam|p2a: Maushold|[spread] p2a,p2b\n|-supereffective|p2b: Ting-Lu\n|-damage|p2a: Maushold|14\/100\n|-damage|p2b: Ting-Lu|42\/100\n|move|p1a: Glimmora|Mortal Spin|p2b: Ting-Lu|[spread] p2a,p2b\n|-resisted|p2b: Ting-Lu\n|-damage|p2a: Maushold|9\/100\n|-damage|p2b: Ting-Lu|41\/100\n|-status|p2a: Maushold|psn\n|-status|p2b: Ting-Lu|psn\n|move|p2b: Ting-Lu|Heavy Slam|p1b: Flutter Mane\n|-supereffective|p1b: Flutter Mane\n|-damage|p1b: Flutter Mane|0 fnt\n|faint|p1b: Flutter Mane\n|-end|p1b: Flutter Mane|Protosynthesis|[silent]\n|\n|-damage|p2a: Maushold|0 fnt|[from] psn\n|faint|p2a: Maushold\n|-damage|p2b: Ting-Lu|29\/100 psn|[from] psn\n|upkeep\n|\n|t:|1683703778\n|switch|p1b: Talonflame|Talonflame, L50, F, shiny|100\/100\n|switch|p2a: Annihilape|Annihilape, L50, F, tera:Fire|74\/100\n|turn|4\n|\n|t:|1683703786\n|move|p1b: Talonflame|Tailwind|p1b: Talonflame\n|-sidestart|p1: charlotte060|move: Tailwind\n|move|p1a: Glimmora|Power Gem|p2a: Annihilape\n|-supereffective|p2a: Annihilape\n|-damage|p2a: Annihilape|16\/100\n|move|p2a: Annihilape|Rage Fist|p1b: Talonflame\n|-damage|p1b: Talonflame|0 fnt\n|faint|p1b: Talonflame\n|move|p2b: Ting-Lu|Stomping Tantrum|p1a: Glimmora\n|-supereffective|p1a: Glimmora\n|-damage|p1a: Glimmora|0 fnt\n|-activate|p1a: Glimmora|ability: Toxic Debris\n|-sidestart|p2: D-scNSe|move: Toxic Spikes\n|faint|p1a: Glimmora\n|\n|win|D-scNSe\n|raw|charlotte060's rating: 1251 → 1225<\/strong> (-26 for losing)\n|raw|D-scNSe's rating: 1238 → 1264<\/strong> (+26 for winning)\n|l|\u2606charlotte060\n","uploadtime":1683703805,"views":13,"p1id":"charlotte060","p2id":"dscnse","formatid":"gen9vgc2023regulationc","rating":1225,"private":0,"password":""}