{"id":"gen9vgc2023regulationc-1861828676","p1":"TheEeveeAnimations","p2":"mafumafusimp","format":"[Gen 9] VGC 2023 Regulation C","log":"|j|\u2606TheEeveeAnimations\n|j|\u2606mafumafusimp\n|t:|1683812832\n|gametype|doubles\n|player|p1|TheEeveeAnimations|dahlia|\n|player|p2|mafumafusimp|crasherwake|\n|teamsize|p1|6\n|teamsize|p2|6\n|gen|9\n|tier|[Gen 9] VGC 2023 Regulation C\n|rated|Tournament battle\n|rule|Species Clause: Limit one of each Pok\u00e9mon\n|rule|Item Clause: Limit one of each item\n|clearpoke\n|poke|p1|Gholdengo, L50|\n|poke|p1|Maushold-Four, L50|\n|poke|p1|Flutter Mane, L50|\n|poke|p1|Wo-Chien, L50|\n|poke|p1|Tauros-Paldea-Aqua, L50, M|\n|poke|p1|Ceruledge, L50, F|\n|poke|p2|Chien-Pao, L50|\n|poke|p2|Flutter Mane, L50|\n|poke|p2|Kingambit, L50, F|\n|poke|p2|Iron Hands, L50|\n|poke|p2|Iron Bundle, L50|\n|poke|p2|Amoonguss, L50, M|\n|teampreview|4\n|raw| Open Team Sheet for TheEeveeAnimations<\/summary>Gholdengo @ Leftovers Ability: Good as Gold Level: 50 Tera Type: Water - Protect - Shadow Ball - Make It Rain - Nasty Plot Maushold (Maushold-Four) @ Safety Goggles Ability: Friend Guard Level: 50 Tera Type: Ghost - Follow Me - Protect - Super Fang - Encore badonkadonk (Flutter Mane) @ Choice Specs Ability: Protosynthesis Level: 50 Tera Type: Fairy - Shadow Ball - Moonblast - Thunderbolt - Dazzling Gleam Homer (Wo-Chien) @ Assault Vest Ability: Tablets of Ruin Level: 50 Tera Type: Water - Foul Play - Tera Blast - Leaf Storm - Pollen Puff Tauros (Tauros-Paldea-Aqua) (M) @ Mirror Herb Ability: Intimidate Level: 50 Tera Type: Fire - Protect - Wave Crash - Aqua Jet - Close Combat Ceruledge @ Clear Amulet Ability: Flash Fire Level: 50 Tera Type: Grass - Protect - Bulk Up - Bitter Blade - Shadow Sneak <\/details><\/div> Open Team Sheet for mafumafusimp<\/summary>Cat (Chien-Pao) @ Life Orb Ability: Sword of Ruin Level: 50 Tera Type: Ghost - Protect - Ice Spinner - Sucker Punch - Sacred Sword Flutter Pain (Flutter Mane) @ Booster Energy Ability: Protosynthesis Level: 50 Tera Type: Fairy - Dazzling Gleam - Moonblast - Shadow Ball - Protect Queen Gambit (Kingambit) (F) @ Safety Goggles Ability: Defiant Level: 50 Tera Type: Flying - Tera Blast - Iron Head - Swords Dance - Sucker Punch Only Hands (Iron Hands) @ Clear Amulet Ability: Quark Drive Level: 50 Tera Type: Fire - Swords Dance - Drain Punch - Thunder Punch - Protect Iron Fumble (Iron Bundle) @ Covert Cloak Ability: Quark Drive Level: 50 Tera Type: Ghost - Icy Wind - Freeze-Dry - Hydro Pump - Encore Amoonguss @ Sitrus Berry Ability: Regenerator Level: 50 Tera Type: Water - Pollen Puff - Spore - Rage Powder - Protect <\/details><\/div>\n|c|\u2606mafumafusimp|glhf\n|j| Da Draxolotl\n|j| babiwi bewey\u2714\ufe0f\n|c|\u2606mafumafusimp|babiwi said youd win so no pressure\n|c|\u2606TheEeveeAnimations|Glhf\n|j| elmassa45\n|j| Eldegoss32\n|c| elmassa45|FINAL\n|c| babiwi bewey\u2714\ufe0f|theres a million dollars on the line\n|j|%Bright Size\n|c| Da Draxolotl|you mean $1.000000\n|j| Cakestering\n|c| Cakestering|we laugh at the loser\n|c|\u2606mafumafusimp|woah how did they know my bank balance\n|\n|t:|1683812885\n|start\n|switch|p1a: Ceruledge|Ceruledge, L50, F|100\/100\n|switch|p1b: Maushold|Maushold-Four, L50|100\/100\n|switch|p2a: Queen Gambit|Kingambit, L50, F|100\/100\n|switch|p2b: Iron Fumble|Iron Bundle, L50|100\/100\n|turn|1\n|\n|t:|1683812904\n|-terastallize|p2a: Queen Gambit|Flying\n|move|p1b: Maushold|Follow Me|p1b: Maushold\n|-singleturn|p1b: Maushold|move: Follow Me\n|move|p2b: Iron Fumble|Hydro Pump|p1b: Maushold\n|-damage|p1b: Maushold|43\/100\n|move|p1a: Ceruledge|Bulk Up|p1a: Ceruledge\n|-boost|p1a: Ceruledge|atk|1\n|-boost|p1a: Ceruledge|def|1\n|move|p2a: Queen Gambit|Swords Dance|p2a: Queen Gambit\n|-boost|p2a: Queen Gambit|atk|2\n|\n|upkeep\n|turn|2\n|j| spectacled eider\n|\n|t:|1683812924\n|move|p2b: Iron Fumble|Hydro Pump|p1a: Ceruledge\n|-supereffective|p1a: Ceruledge\n|-damage|p1a: Ceruledge|14\/100\n|move|p1b: Maushold|Encore|p2a: Queen Gambit\n|-start|p2a: Queen Gambit|Encore\n|move|p1a: Ceruledge|Bulk Up|p1a: Ceruledge\n|-boost|p1a: Ceruledge|atk|1\n|-boost|p1a: Ceruledge|def|1\n|move|p2a: Queen Gambit|Swords Dance|p2a: Queen Gambit\n|-boost|p2a: Queen Gambit|atk|2\n|\n|upkeep\n|turn|3\n|\n|t:|1683812943\n|switch|p2a: Cat|Chien-Pao, L50|100\/100\n|-ability|p2a: Cat|Sword of Ruin\n|move|p1b: Maushold|Follow Me|p1b: Maushold\n|-singleturn|p1b: Maushold|move: Follow Me\n|move|p2b: Iron Fumble|Hydro Pump|p1b: Maushold\n|-damage|p1b: Maushold|0 fnt\n|faint|p1b: Maushold\n|move|p1a: Ceruledge|Bitter Blade|p2b: Iron Fumble\n|-damage|p2b: Iron Fumble|0 fnt\n|-heal|p1a: Ceruledge|53\/100|[from] drain|[of] p2b: Iron Fumble\n|faint|p2b: Iron Fumble\n|-end|p2b: Iron Fumble|Quark Drive|[silent]\n|\n|upkeep\n|c|\u2606mafumafusimp|umm lifesteal broken plz ban?\n|\n|t:|1683812958\n|switch|p2b: Flutter Pain|Flutter Mane, L50|100\/100\n|switch|p1b: Homer|Wo-Chien, L50|100\/100\n|-ability|p1b: Homer|Tablets of Ruin\n|-enditem|p2b: Flutter Pain|Booster Energy\n|-activate|p2b: Flutter Pain|ability: Protosynthesis|[fromitem]\n|-start|p2b: Flutter Pain|protosynthesisspa\n|turn|4\n|l|%Bright Size\n|\n|t:|1683812974\n|-end|p2b: Flutter Pain|Protosynthesis|[silent]\n|switch|p2b: Queen Gambit|Kingambit, L50, F, tera:Flying|100\/100\n|-terastallize|p1b: Homer|Water\n|move|p1a: Ceruledge|Protect|p1a: Ceruledge\n|-singleturn|p1a: Ceruledge|Protect\n|move|p2a: Cat|Sucker Punch||[still]\n|-fail|p2a: Cat\n|move|p1b: Homer|Pollen Puff|p2a: Cat\n|-supereffective|p2a: Cat\n|-damage|p2a: Cat|29\/100\n|\n|upkeep\n|turn|5\n|\n|t:|1683812994\n|move|p2a: Cat|Protect|p2a: Cat\n|-singleturn|p2a: Cat|Protect\n|move|p1a: Ceruledge|Bitter Blade|p2b: Queen Gambit\n|-damage|p2b: Queen Gambit|44\/100\n|-heal|p1a: Ceruledge|86\/100|[from] drain|[of] p2b: Queen Gambit\n|move|p1b: Homer|Pollen Puff|p2a: Cat\n|-activate|p2a: Cat|move: Protect\n|move|p2b: Queen Gambit|Swords Dance|p2b: Queen Gambit\n|-boost|p2b: Queen Gambit|atk|2\n|\n|upkeep\n|turn|6\n|c| Da Draxolotl|mafu name the chien-pao topperlecat\n|c|\u2606mafumafusimp|only it cat wants it\n|\n|t:|1683813018\n|switch|p2a: Flutter Pain|Flutter Mane, L50|100\/100\n|move|p2b: Queen Gambit|Sucker Punch||[still]\n|-fail|p2b: Queen Gambit\n|move|p1a: Ceruledge|Bulk Up|p1a: Ceruledge\n|-boost|p1a: Ceruledge|atk|1\n|-boost|p1a: Ceruledge|def|1\n|move|p1b: Homer|Pollen Puff|p2a: Flutter Pain\n|-resisted|p2a: Flutter Pain\n|-damage|p2a: Flutter Pain|96\/100\n|\n|upkeep\n|turn|7\n|c|\u2606TheEeveeAnimations|Ceruledge is actually the dumbest mon alive\n|\n|t:|1683813036\n|move|p2a: Flutter Pain|Protect|p2a: Flutter Pain\n|-singleturn|p2a: Flutter Pain|Protect\n|move|p1a: Ceruledge|Shadow Sneak|p2a: Flutter Pain\n|-activate|p2a: Flutter Pain|move: Protect\n|move|p1b: Homer|Pollen Puff|p1a: Ceruledge\n|-heal|p1a: Ceruledge|100\/100\n|move|p2b: Queen Gambit|Tera Blast|p1b: Homer\n|-damage|p1b: Homer|54\/100\n|\n|upkeep\n|turn|8\n|c| babiwi bewey\u2714\ufe0f|real\n|c| Cakestering|so underused too\n|\n|t:|1683813062\n|move|p1a: Ceruledge|Shadow Sneak|p2a: Flutter Pain\n|-supereffective|p2a: Flutter Pain\n|-damage|p2a: Flutter Pain|0 fnt\n|faint|p2a: Flutter Pain\n|-end|p2a: Flutter Pain|Protosynthesis|[silent]\n|move|p2b: Queen Gambit|Sucker Punch||[still]\n|-fail|p2b: Queen Gambit\n|move|p1b: Homer|Foul Play|p2b: Queen Gambit\n|-damage|p2b: Queen Gambit|0 fnt\n|faint|p2b: Queen Gambit\n|\n|upkeep\n|\n|t:|1683813065\n|switch|p2b: Cat|Chien-Pao, L50|29\/100\n|-ability|p2b: Cat|Sword of Ruin\n|turn|9\n|c|\u2606mafumafusimp|gg\n|c|\u2606TheEeveeAnimations|gg\n|c|\u2606TheEeveeAnimations|wp\n|l| Eldegoss32\n|c|\u2606mafumafusimp|wpwp\n|\n|t:|1683813077\n|move|p2b: Cat|Sacred Sword|p1a: Ceruledge\n|-immune|p1a: Ceruledge\n|move|p1a: Ceruledge|Bitter Blade|p2b: Cat\n|-supereffective|p2b: Cat\n|-damage|p2b: Cat|0 fnt\n|faint|p2b: Cat\n|\n|win|TheEeveeAnimations\n|n|\u2606TheEeveeAnimations|theeeveeanimations\n|n|\u2606mafumafusimp|mafumafusimp\n|n| Da Draxolotl|dadraxolotl\n|n| babiwi bewey\u2714\ufe0f|babiwibewey\n|n| elmassa45|elmassa45\n|n| Cakestering|cakestering\n|n| spectacled eider|spectacledeider\n","uploadtime":1683813078,"views":9,"p1id":"theeeveeanimations","p2id":"mafumafusimp","formatid":"gen9vgc2023regulationc","rating":0,"private":0,"password":""}