{"id":"gen9vgc2023regulationc-1852437219","p1":"Steakman5","p2":"anshar_training","format":"[Gen 9] VGC 2023 Regulation C","log":"|j|\u2606Steakman5\n|j|\u2606anshar_training\n|t:|1682557503\n|gametype|doubles\n|player|p1|Steakman5|swimmer-gen4|1064\n|player|p2|anshar_training|colress|1139\n|teamsize|p1|6\n|teamsize|p2|6\n|gen|9\n|tier|[Gen 9] VGC 2023 Regulation C\n|rated|\n|rule|Species Clause: Limit one of each Pok\u00e9mon\n|rule|Item Clause: Limit one of each item\n|clearpoke\n|poke|p1|Hawlucha, L50, M|\n|poke|p1|Indeedee-F, L50, F|\n|poke|p1|Flutter Mane, L50|\n|poke|p1|Ting-Lu, L50|\n|poke|p1|Armarouge, L50, M|\n|poke|p1|Chien-Pao, L50|\n|poke|p2|Palafin, L50, F|\n|poke|p2|Flutter Mane, L50|\n|poke|p2|Arcanine, L50, F|\n|poke|p2|Amoonguss, L50, F|\n|poke|p2|Ting-Lu, L50|\n|poke|p2|Roaring Moon, L50|\n|teampreview|4\n|\n|t:|1682557533\n|start\n|switch|p1a: Hawlucha|Hawlucha, L50, M|100\/100\n|switch|p1b: Indeedee|Indeedee-F, L50, F|100\/100\n|switch|p2a: Cornelia|Flutter Mane, L50|100\/100\n|switch|p2b: Susy|Amoonguss, L50, F|100\/100\n|-fieldstart|move: Psychic Terrain|[from] ability: Psychic Surge|[of] p1b: Indeedee\n|-enditem|p1a: Hawlucha|Psychic Seed\n|-boost|p1a: Hawlucha|spd|1|[from] item: Psychic Seed\n|turn|1\n|inactive|Battle timer is ON: inactive players will automatically lose when time's up. (requested by anshar_training)\n|\n|t:|1682557563\n|move|p1b: Indeedee|Follow Me|p1b: Indeedee\n|-singleturn|p1b: Indeedee|move: Follow Me\n|move|p2b: Susy|Rage Powder|p2b: Susy\n|-singleturn|p2b: Susy|move: Rage Powder\n|move|p1a: Hawlucha|Acrobatics|p2b: Susy\n|-supereffective|p2b: Susy\n|-damage|p2b: Susy|24\/100\n|-enditem|p2b: Susy|Sitrus Berry|[eat]\n|-heal|p2b: Susy|48\/100|[from] item: Sitrus Berry\n|move|p2a: Cornelia|Dazzling Gleam|p1a: Hawlucha|[spread] p1a,p1b\n|-supereffective|p1a: Hawlucha\n|-crit|p1b: Indeedee\n|-damage|p1a: Hawlucha|6\/100\n|-damage|p1b: Indeedee|37\/100\n|\n|upkeep\n|turn|2\n|inactive|anshar_training has 30 seconds left.\n|inactive|anshar_training has 20 seconds left.\n|\n|t:|1682557601\n|switch|p2b: Good Soup|Ting-Lu, L50|100\/100\n|-ability|p2b: Good Soup|Vessel of Ruin\n|move|p1b: Indeedee|Follow Me|p1b: Indeedee\n|-singleturn|p1b: Indeedee|move: Follow Me\n|move|p1a: Hawlucha|Acrobatics|p2b: Good Soup\n|-damage|p2b: Good Soup|77\/100\n|move|p2a: Cornelia|Dazzling Gleam|p1a: Hawlucha|[spread] p1a,p1b\n|-supereffective|p1a: Hawlucha\n|-damage|p1a: Hawlucha|0 fnt\n|-damage|p1b: Indeedee|3\/100\n|-enditem|p1b: Indeedee|Iapapa Berry|[eat]\n|-heal|p1b: Indeedee|36\/100|[from] item: Iapapa Berry\n|-start|p1b: Indeedee|confusion\n|faint|p1a: Hawlucha\n|\n|upkeep\n|\n|t:|1682557612\n|switch|p1a: Flutter Mane|Flutter Mane, L50|100\/100\n|-enditem|p1a: Flutter Mane|Booster Energy\n|-activate|p1a: Flutter Mane|ability: Protosynthesis|[fromitem]\n|-start|p1a: Flutter Mane|protosynthesisspe\n|turn|3\n|\n|t:|1682557626\n|switch|p1b: Ting-Lu|Ting-Lu, L50|100\/100\n|-ability|p1b: Ting-Lu|Vessel of Ruin\n|-terastallize|p2a: Cornelia|Fairy\n|move|p1a: Flutter Mane|Dazzling Gleam|p2b: Good Soup|[spread] p2a,p2b\n|-supereffective|p2b: Good Soup\n|-damage|p2a: Cornelia|77\/100\n|-damage|p2b: Good Soup|54\/100\n|move|p2a: Cornelia|Dazzling Gleam|p1a: Flutter Mane|[spread] p1a,p1b\n|-supereffective|p1b: Ting-Lu\n|-damage|p1a: Flutter Mane|57\/100\n|-damage|p1b: Ting-Lu|55\/100\n|move|p2b: Good Soup|Heavy Slam|p1a: Flutter Mane\n|-supereffective|p1a: Flutter Mane\n|-damage|p1a: Flutter Mane|0 fnt\n|faint|p1a: Flutter Mane\n|-end|p1a: Flutter Mane|Protosynthesis|[silent]\n|\n|upkeep\n|-message|Steakman5 forfeited.\n|\n|win|anshar_training\n|raw|Steakman5's rating: 1064 → 1049<\/strong> (-15 for losing)\n|raw|anshar_training's rating: 1139 → 1159<\/strong> (+20 for winning)\n|l|\u2606Steakman5\n","uploadtime":1682557645,"views":14,"p1id":"steakman5","p2id":"anshartraining","formatid":"gen9vgc2023regulationc","rating":1049,"private":0,"password":""}