{"id":"gen9vgc2023regulationc-1846775761","p1":"Mashu2021","p2":"Nutrius","format":"[Gen 9] VGC 2023 Regulation C","log":"|j|\u2606Mashu2021\n|j|\u2606Nutrius\n|t:|1681877420\n|gametype|doubles\n|player|p1|Mashu2021|cynthia-gen4|1379\n|player|p2|Nutrius|norman|1269\n|teamsize|p1|6\n|teamsize|p2|6\n|gen|9\n|tier|[Gen 9] VGC 2023 Regulation C\n|rated|\n|rule|Species Clause: Limit one of each Pok\u00e9mon\n|rule|Item Clause: Limit one of each item\n|clearpoke\n|poke|p1|Orthworm, L50, M|\n|poke|p1|Ting-Lu, L50|\n|poke|p1|Gyarados, L50, M|\n|poke|p1|Dragonite, L50, M|\n|poke|p1|Iron Bundle, L50|\n|poke|p1|Flutter Mane, L50|\n|poke|p2|Corviknight, L50, M|\n|poke|p2|Ting-Lu, L50|\n|poke|p2|Baxcalibur, L50, F|\n|poke|p2|Flutter Mane, L50|\n|poke|p2|Amoonguss, L50, M|\n|poke|p2|Tauros-Paldea-Blaze, L50, M|\n|teampreview|4\n|inactive|Battle timer is ON: inactive players will automatically lose when time's up. (requested by Mashu2021)\n|\n|t:|1681877472\n|start\n|switch|p1a: Orthworm|Orthworm, L50, M|100\/100\n|switch|p1b: Ting-Lu|Ting-Lu, L50|100\/100\n|switch|p2a: Minkia-Lu|Ting-Lu, L50|100\/100\n|switch|p2b: Corviminkia|Corviknight, L50, M|100\/100\n|-ability|p2a: Minkia-Lu|Vessel of Ruin\n|-ability|p1b: Ting-Lu|Vessel of Ruin\n|turn|1\n|inactive|Mashu2021 has 30 seconds left.\n|inactive|Nutrius has 30 seconds left.\n|inactive|Mashu2021 has 20 seconds left.\n|\n|t:|1681877508\n|move|p2b: Corviminkia|Bulk Up|p2b: Corviminkia\n|-boost|p2b: Corviminkia|atk|1\n|-boost|p2b: Corviminkia|def|1\n|move|p1a: Orthworm|Iron Defense|p1a: Orthworm\n|-boost|p1a: Orthworm|def|2\n|move|p2a: Minkia-Lu|Ruination|p1a: Orthworm\n|-damage|p1a: Orthworm|50\/100\n|-enditem|p1a: Orthworm|Sitrus Berry|[eat]\n|-heal|p1a: Orthworm|75\/100|[from] item: Sitrus Berry\n|move|p1b: Ting-Lu|Ruination|p2a: Minkia-Lu\n|-damage|p2a: Minkia-Lu|50\/100\n|\n|upkeep\n|turn|2\n|inactive|Nutrius has 30 seconds left.\n|\n|t:|1681877539\n|-terastallize|p1a: Orthworm|Fire\n|move|p2b: Corviminkia|Tailwind|p2b: Corviminkia\n|-sidestart|p2: Nutrius|move: Tailwind\n|move|p2a: Minkia-Lu|Ruination|p1a: Orthworm\n|-damage|p1a: Orthworm|38\/100\n|move|p1a: Orthworm|Body Press|p2a: Minkia-Lu\n|-supereffective|p2a: Minkia-Lu\n|-damage|p2a: Minkia-Lu|0 fnt\n|faint|p2a: Minkia-Lu\n|move|p1b: Ting-Lu|Earthquake|p2b: Corviminkia|[spread] \n|-heal|p1a: Orthworm|63\/100|[from] ability: Earth Eater|[of] p1b: Ting-Lu\n|-immune|p2b: Corviminkia\n|\n|upkeep\n|\n|t:|1681877561\n|switch|p2a: Tauros|Tauros-Paldea-Blaze, L50, M|100\/100\n|-ability|p2a: Tauros|Intimidate|boost\n|-unboost|p1a: Orthworm|atk|1\n|-unboost|p1b: Ting-Lu|atk|1\n|turn|3\n|inactive|Nutrius has 30 seconds left.\n|\n|t:|1681877590\n|switch|p2a: Flutter Mane|Flutter Mane, L50|100\/100\n|move|p2b: Corviminkia|Brave Bird|p1a: Orthworm\n|-damage|p1a: Orthworm|42\/100\n|-damage|p2b: Corviminkia|95\/100|[from] Recoil\n|move|p1a: Orthworm|Iron Defense|p1a: Orthworm\n|-boost|p1a: Orthworm|def|2\n|move|p1b: Ting-Lu|Earthquake|p2a: Flutter Mane|[spread] p2a\n|-heal|p1a: Orthworm|67\/100|[from] ability: Earth Eater|[of] p1b: Ting-Lu\n|-immune|p2b: Corviminkia\n|-damage|p2a: Flutter Mane|48\/100\n|\n|-heal|p2b: Corviminkia|100\/100|[from] item: Leftovers\n|upkeep\n|turn|4\n|inactive|Nutrius has 30 seconds left.\n|\n|t:|1681877616\n|move|p1a: Orthworm|Protect|p1a: Orthworm\n|-singleturn|p1a: Orthworm|Protect\n|move|p2a: Flutter Mane|Shadow Ball|p1a: Orthworm\n|-activate|p1a: Orthworm|move: Protect\n|move|p2b: Corviminkia|Iron Head|p1b: Ting-Lu\n|-damage|p1b: Ting-Lu|78\/100\n|move|p1b: Ting-Lu|Earthquake|p2b: Corviminkia|[spread] p2a\n|-activate|p1a: Orthworm|move: Protect\n|-immune|p2b: Corviminkia\n|-damage|p2a: Flutter Mane|0 fnt\n|faint|p2a: Flutter Mane\n|-end|p2a: Flutter Mane|Protosynthesis|[silent]\n|\n|upkeep\n|-message|Nutrius forfeited.\n|\n|win|Mashu2021\n|raw|Mashu2021's rating: 1379 → 1393<\/strong> (+14 for winning)\n|raw|Nutrius's rating: 1269 → 1252<\/strong> (-17 for losing)\n|l|\u2606Nutrius\n","uploadtime":1681877640,"views":14,"p1id":"mashu2021","p2id":"nutrius","formatid":"gen9vgc2023regulationc","rating":1252,"private":0,"password":""}