{"id":"gen9vgc2023regulationc-1858394934","p1":"LunesMoon","p2":"D3C1B3L","format":"[Gen 9] VGC 2023 Regulation C","log":"|j|\u2606LunesMoon\n|j|\u2606D3C1B3L\n|t:|1683308306\n|gametype|doubles\n|player|p1|LunesMoon|guitarist|1240\n|player|p2|D3C1B3L|larry|1315\n|teamsize|p1|6\n|teamsize|p2|6\n|gen|9\n|tier|[Gen 9] VGC 2023 Regulation C\n|rated|\n|rule|Species Clause: Limit one of each Pok\u00e9mon\n|rule|Item Clause: Limit one of each item\n|clearpoke\n|poke|p1|Sylveon, L50, F|\n|poke|p1|Amoonguss, L50, M|\n|poke|p1|Ting-Lu, L50|\n|poke|p1|Annihilape, L50, F|\n|poke|p1|Maushold, L50|\n|poke|p1|Iron Bundle, L50|\n|poke|p2|Dondozo, L50, M|\n|poke|p2|Drednaw, L50, M|\n|poke|p2|Pelipper, L50, M|\n|poke|p2|Tatsugiri, L50, F|\n|poke|p2|Chien-Pao, L50|\n|poke|p2|Dragonite, L50, F|\n|teampreview|4\n|\n|t:|1683308320\n|start\n|switch|p1a: Annihilape|Annihilape, L50, F, shiny|100\/100\n|switch|p1b: Maushold|Maushold, L50|100\/100\n|switch|p2a: Chien-Pao|Chien-Pao, L50|100\/100\n|switch|p2b: Dragonite|Dragonite, L50, F|100\/100\n|-ability|p2a: Chien-Pao|Sword of Ruin\n|turn|1\n|\n|t:|1683308356\n|-terastallize|p2b: Dragonite|Flying\n|move|p2a: Chien-Pao|Sacred Sword|p1b: Maushold\n|-supereffective|p1b: Maushold\n|-damage|p1b: Maushold|10\/100\n|move|p1b: Maushold|Super Fang|p2b: Dragonite\n|-damage|p2b: Dragonite|51\/100\n|move|p1a: Annihilape|Rage Fist|p2b: Dragonite\n|-crit|p2b: Dragonite\n|-damage|p2b: Dragonite|7\/100\n|move|p2b: Dragonite|Tera Blast|p1a: Annihilape\n|-supereffective|p1a: Annihilape\n|-damage|p1a: Annihilape|0 fnt\n|faint|p1a: Annihilape\n|\n|upkeep\n|\n|t:|1683308373\n|switch|p1a: Iron Bundle|Iron Bundle, L50|100\/100\n|-enditem|p1a: Iron Bundle|Booster Energy\n|-activate|p1a: Iron Bundle|ability: Quark Drive|[fromitem]\n|-start|p1a: Iron Bundle|quarkdrivespe\n|turn|2\n|\n|t:|1683308386\n|move|p1b: Maushold|Follow Me|p1b: Maushold\n|-singleturn|p1b: Maushold|move: Follow Me\n|move|p2b: Dragonite|Extreme Speed|p1b: Maushold\n|-damage|p1b: Maushold|0 fnt\n|faint|p1b: Maushold\n|move|p1a: Iron Bundle|Icy Wind|p2b: Dragonite|[spread] p2a,p2b\n|-resisted|p2a: Chien-Pao\n|-supereffective|p2b: Dragonite\n|-damage|p2a: Chien-Pao|85\/100\n|-damage|p2b: Dragonite|0 fnt\n|-unboost|p2a: Chien-Pao|spe|1\n|faint|p2b: Dragonite\n|move|p2a: Chien-Pao|Sacred Sword|p1a: Iron Bundle\n|-supereffective|p1a: Iron Bundle\n|-damage|p1a: Iron Bundle|0 fnt\n|faint|p1a: Iron Bundle\n|-end|p1a: Iron Bundle|Quark Drive|[silent]\n|\n|upkeep\n|-message|LunesMoon forfeited.\n|\n|win|D3C1B3L\n|raw|LunesMoon's rating: 1240 → 1220<\/strong> (-20 for losing)\n|raw|D3C1B3L's rating: 1315 → 1331<\/strong> (+16 for winning)\n|l|\u2606LunesMoon\n","uploadtime":1683308415,"views":10,"p1id":"lunesmoon","p2id":"d3c1b3l","formatid":"gen9vgc2023regulationc","rating":1220,"private":0,"password":""}