{"id":"gen9vgc2023regulationc-1849124477","p1":"lesleychow307","p2":"Ganondorf251","format":"[Gen 9] VGC 2023 Regulation C","log":"|j|\u2606lesleychow307\n|j|\u2606Ganondorf251\n|t:|1682159955\n|gametype|doubles\n|player|p1|lesleychow307|1|1161\n|player|p2|Ganondorf251|biker-gen4|1132\n|teamsize|p1|6\n|teamsize|p2|6\n|gen|9\n|tier|[Gen 9] VGC 2023 Regulation C\n|rated|\n|rule|Species Clause: Limit one of each Pok\u00e9mon\n|rule|Item Clause: Limit one of each item\n|clearpoke\n|poke|p1|Ceruledge, L50, M|\n|poke|p1|Amoonguss, L50, F|\n|poke|p1|Sableye, L50, M|\n|poke|p1|Kingambit, L50, M|\n|poke|p1|Flutter Mane, L50|\n|poke|p1|Iron Bundle, L50|\n|poke|p2|Iron Bundle, L50|\n|poke|p2|Glimmora, L50, M|\n|poke|p2|Wo-Chien, L50|\n|poke|p2|Dragapult, L50, F|\n|poke|p2|Chien-Pao, L50|\n|poke|p2|Garganacl, L50, F|\n|teampreview|4\n|inactive|Battle timer is ON: inactive players will automatically lose when time's up. (requested by lesleychow307)\n|\n|t:|1682160021\n|start\n|switch|p1a: Iron Bundle|Iron Bundle, L50|100\/100\n|switch|p1b: Flutter Mane|Flutter Mane, L50|100\/100\n|switch|p2a: Dragapult|Dragapult, L50, F|100\/100\n|switch|p2b: Chien-Pao|Chien-Pao, L50|100\/100\n|-ability|p2b: Chien-Pao|Sword of Ruin\n|-enditem|p1a: Iron Bundle|Booster Energy\n|-activate|p1a: Iron Bundle|ability: Quark Drive|[fromitem]\n|-start|p1a: Iron Bundle|quarkdrivespe\n|turn|1\n|\n|t:|1682160045\n|switch|p2a: Iron Bundle|Iron Bundle, L50|100\/100\n|-terastallize|p1b: Flutter Mane|Fairy\n|move|p1a: Iron Bundle|Icy Wind|p2a: Iron Bundle|[spread] p2a,p2b\n|-resisted|p2a: Iron Bundle\n|-resisted|p2b: Chien-Pao\n|-damage|p2a: Iron Bundle|89\/100\n|-damage|p2b: Chien-Pao|83\/100\n|-unboost|p2a: Iron Bundle|spe|1\n|-unboost|p2b: Chien-Pao|spe|1\n|move|p1b: Flutter Mane|Dazzling Gleam|p2a: Iron Bundle|[spread] p2a,p2b\n|-crit|p2a: Iron Bundle\n|-supereffective|p2b: Chien-Pao\n|-damage|p2a: Iron Bundle|0 fnt\n|-damage|p2b: Chien-Pao|0 fnt\n|faint|p2a: Iron Bundle\n|-end|p2a: Iron Bundle|Quark Drive|[silent]\n|faint|p2b: Chien-Pao\n|\n|upkeep\n|-message|Ganondorf251 forfeited.\n|\n|win|lesleychow307\n|raw|lesleychow307's rating: 1161 → 1184<\/strong> (+23 for winning)\n|raw|Ganondorf251's rating: 1132 → 1109<\/strong> (-23 for losing)\n|l|\u2606Ganondorf251\n","uploadtime":1682160066,"views":13,"p1id":"lesleychow307","p2id":"ganondorf251","formatid":"gen9vgc2023regulationc","rating":1109,"private":0,"password":""}