{"id":"gen9vgc2023regulationc-1850668941","p1":"Pablo Motos V7","p2":"spwoons","format":"[Gen 9] VGC 2023 Regulation C","log":"|j|\u2606Pablo Motos V7\n|j|\u2606spwoons\n|t:|1682357634\n|gametype|doubles\n|player|p1|Pablo Motos V7|depotagent|1170\n|player|p2|spwoons|1|1177\n|teamsize|p1|6\n|teamsize|p2|6\n|gen|9\n|tier|[Gen 9] VGC 2023 Regulation C\n|rated|\n|rule|Species Clause: Limit one of each Pok\u00e9mon\n|rule|Item Clause: Limit one of each item\n|clearpoke\n|poke|p1|Torkoal, L50, F|\n|poke|p1|Dragonite, L50, F|\n|poke|p1|Great Tusk, L50|\n|poke|p1|Lilligant, L50, F|\n|poke|p1|Flutter Mane, L50|\n|poke|p1|Chien-Pao, L50|\n|poke|p2|Espathra, L50, M|\n|poke|p2|Staraptor, L50, M|\n|poke|p2|Chien-Pao, L50|\n|poke|p2|Scizor, L50, M|\n|poke|p2|Salazzle, L50, F|\n|poke|p2|Palafin, L50, M|\n|teampreview|4\n|inactive|Battle timer is ON: inactive players will automatically lose when time's up. (requested by Pablo Motos V7)\n|\n|t:|1682357682\n|start\n|switch|p1a: Torkoal|Torkoal, L50, F|100\/100\n|switch|p1b: Lilligant|Lilligant, L50, F, shiny|100\/100\n|switch|p2a: Salazzle|Salazzle, L50, F|100\/100\n|switch|p2b: Staraptor|Staraptor, L50, M|100\/100\n|-weather|SunnyDay|[from] ability: Drought|[of] p1a: Torkoal\n|turn|1\n|inactive|spwoons has 30 seconds left.\n|\n|t:|1682357710\n|switch|p1a: Great Tusk|Great Tusk, L50|100\/100\n|-activate|p1a: Great Tusk|ability: Protosynthesis\n|-start|p1a: Great Tusk|protosynthesisatk\n|-terastallize|p2b: Staraptor|Flying\n|move|p1b: Lilligant|Protect|p1b: Lilligant\n|-singleturn|p1b: Lilligant|Protect\n|move|p2a: Salazzle|Fake Out|p1a: Great Tusk\n|-damage|p1a: Great Tusk|96\/100\n|move|p2b: Staraptor|Brave Bird|p1b: Lilligant\n|-activate|p1b: Lilligant|move: Protect\n|\n|-weather|SunnyDay|[upkeep]\n|upkeep\n|turn|2\n|\n|t:|1682357726\n|switch|p1b: Chien-Pao|Chien-Pao, L50|100\/100\n|-ability|p1b: Chien-Pao|Sword of Ruin\n|move|p1a: Great Tusk|Rock Slide|p2b: Staraptor|[spread] p2a,p2b\n|-supereffective|p2a: Salazzle\n|-crit|p2a: Salazzle\n|-supereffective|p2b: Staraptor\n|-enditem|p2a: Salazzle|Focus Sash\n|-damage|p2a: Salazzle|1\/100\n|-damage|p2b: Staraptor|0 fnt\n|faint|p2b: Staraptor\n|move|p2a: Salazzle|Flamethrower|p1b: Chien-Pao\n|-supereffective|p1b: Chien-Pao\n|-enditem|p1b: Chien-Pao|Focus Sash\n|-damage|p1b: Chien-Pao|1\/100\n|\n|-weather|SunnyDay|[upkeep]\n|upkeep\n|\n|t:|1682357746\n|switch|p2b: Chien-Pao|Chien-Pao, L50|100\/100\n|-ability|p2b: Chien-Pao|Sword of Ruin\n|turn|3\n|\n|t:|1682357755\n|move|p1b: Chien-Pao|Sucker Punch|p2b: Chien-Pao\n|-resisted|p2b: Chien-Pao\n|-damage|p2b: Chien-Pao|76\/100\n|move|p1a: Great Tusk|Rock Slide|p2a: Salazzle|[spread] p2a,p2b\n|-supereffective|p2a: Salazzle\n|-supereffective|p2b: Chien-Pao\n|-damage|p2a: Salazzle|0 fnt\n|-damage|p2b: Chien-Pao|0 fnt\n|faint|p2a: Salazzle\n|faint|p2b: Chien-Pao\n|\n|-weather|SunnyDay|[upkeep]\n|upkeep\n|-message|spwoons forfeited.\n|\n|win|Pablo Motos V7\n|raw|Pablo Motos V7's rating: 1170 → 1196<\/strong> (+26 for winning)\n|raw|spwoons's rating: 1177 → 1151<\/strong> (-26 for losing)\n|l|\u2606spwoons\n","uploadtime":1682357776,"views":12,"p1id":"pablomotosv7","p2id":"spwoons","formatid":"gen9vgc2023regulationc","rating":1151,"private":0,"password":""}