{"id":"gen9vgc2023regulationc-1862953476","p1":"thrillcorner","p2":"ClessCL","format":"[Gen 9] VGC 2023 Regulation C","log":"|j|\u2606thrillcorner\n|j|\u2606ClessCL\n|t:|1683943204\n|gametype|doubles\n|player|p1|thrillcorner|red-masters2|1358\n|player|p2|ClessCL|lance|1427\n|teamsize|p1|6\n|teamsize|p2|6\n|gen|9\n|tier|[Gen 9] VGC 2023 Regulation C\n|rated|\n|rule|Species Clause: Limit one of each Pok\u00e9mon\n|rule|Item Clause: Limit one of each item\n|clearpoke\n|poke|p1|Arcanine, L50, M|\n|poke|p1|Amoonguss, L50, M|\n|poke|p1|Flutter Mane, L50|\n|poke|p1|Pelipper, L50, F|\n|poke|p1|Azumarill, L50, M|\n|poke|p1|Iron Hands, L50|\n|poke|p2|Gyarados, L50, F|\n|poke|p2|Tinkaton, L50, F|\n|poke|p2|Iron Bundle, L50|\n|poke|p2|Mudsdale, L50, F|\n|poke|p2|Iron Moth, L50|\n|poke|p2|Wo-Chien, L50|\n|teampreview|4\n|inactive|Battle timer is ON: inactive players will automatically lose when time's up. (requested by ClessCL)\nthrillcorner has agreed to open team sheets.\nClessCL has agreed to open team sheets.\n|inactive|thrillcorner has 60 seconds left.\n|inactive|ClessCL has 60 seconds left.\n|\n|t:|1683943262\n|start\n|switch|p1a: Azumarill|Azumarill, L50, M|100\/100\n|switch|p1b: Iron Hands|Iron Hands, L50|100\/100\n|switch|p2a: Tinkaton|Tinkaton, L50, F|100\/100\n|switch|p2b: Iron Moth|Iron Moth, L50|100\/100\n|-ability|p2a: Tinkaton|Mold Breaker\n|turn|1\n|\n|t:|1683943278\n|-end|p1b: Iron Hands|Quark Drive|[silent]\n|switch|p1b: Pelipper|Pelipper, L50, F|100\/100\n|-weather|RainDance|[from] ability: Drizzle|[of] p1b: Pelipper\n|move|p2b: Iron Moth|Protect|p2b: Iron Moth\n|-singleturn|p2b: Iron Moth|Protect\n|move|p1a: Azumarill|Protect|p1a: Azumarill\n|-singleturn|p1a: Azumarill|Protect\n|move|p2a: Tinkaton|Fake Out|p1a: Azumarill\n|-activate|p1a: Azumarill|move: Protect\n|\n|-weather|RainDance|[upkeep]\n|upkeep\n|turn|2\n|\n|t:|1683943301\n|switch|p1a: Amoonguss|Amoonguss, L50, M|100\/100\n|-terastallize|p2b: Iron Moth|Grass\n|move|p2b: Iron Moth|Sludge Wave|p1a: Amoonguss|[spread] p1a,p1b\n|-immune|p2a: Tinkaton\n|-damage|p1a: Amoonguss|56\/100\n|-damage|p1b: Pelipper|9\/100\n|-damage|p2b: Iron Moth|91\/100|[from] item: Life Orb\n|move|p2a: Tinkaton|Play Rough|p1b: Pelipper\n|-damage|p1b: Pelipper|0 fnt\n|faint|p1b: Pelipper\n|\n|-weather|RainDance|[upkeep]\n|upkeep\n|\n|t:|1683943314\n|switch|p1b: Iron Hands|Iron Hands, L50|100\/100\n|turn|3\n|\n|t:|1683943333\n|move|p2b: Iron Moth|Protect|p2b: Iron Moth\n|-singleturn|p2b: Iron Moth|Protect\n|move|p1b: Iron Hands|Fake Out|p2b: Iron Moth\n|-activate|p2b: Iron Moth|move: Protect\n|move|p2a: Tinkaton|Gigaton Hammer|p1a: Amoonguss\n|-damage|p1a: Amoonguss|9\/100\n|-enditem|p1a: Amoonguss|Sitrus Berry|[eat]\n|-heal|p1a: Amoonguss|34\/100|[from] item: Sitrus Berry\n|move|p1a: Amoonguss|Spore|p2a: Tinkaton\n|-activate|p2a: Tinkaton|item: Safety Goggles|Spore\n|\n|-weather|RainDance|[upkeep]\n|upkeep\n|turn|4\n|c|\u2606thrillcorner|doh i dont read good\n|inactive|thrillcorner has 30 seconds left.\n|\n|t:|1683943360\n|switch|p1a: Azumarill|Azumarill, L50, M|100\/100\n|move|p2b: Iron Moth|Sludge Wave|p1b: Iron Hands|[spread] p1a,p1b\n|-immune|p2a: Tinkaton\n|-supereffective|p1a: Azumarill\n|-damage|p1a: Azumarill|0 fnt\n|-damage|p1b: Iron Hands|75\/100\n|-status|p1b: Iron Hands|psn\n|faint|p1a: Azumarill\n|-damage|p2b: Iron Moth|82\/100|[from] item: Life Orb\n|move|p2a: Tinkaton|Encore|p1b: Iron Hands\n|-start|p1b: Iron Hands|Encore\n|move|p1b: Iron Hands|Fake Out||[still]\n|-hint|Fake Out only works on your first turn out.\n|-fail|p1b: Iron Hands\n|\n|-weather|RainDance|[upkeep]\n|-damage|p1b: Iron Hands|63\/100 psn|[from] psn\n|upkeep\n|c|\u2606ClessCL|YEAH\n|-message|thrillcorner forfeited.\n|\n|win|ClessCL\n|raw|thrillcorner's rating: 1358 → 1342<\/strong> (-16 for losing)\n|raw|ClessCL's rating: 1427 → 1443<\/strong> (+16 for winning)\n","uploadtime":1683943382,"views":58,"p1id":"thrillcorner","p2id":"clesscl","formatid":"gen9vgc2023regulationc","rating":1342,"private":0,"password":""}