{"id":"gen9vgc2023regulationc-1863278433","p1":"Yae3ko","p2":"SoulSur","format":"[Gen 9] VGC 2023 Regulation C","log":"|j|\u2606Yae3ko\n|j|\u2606SoulSur\n|t:|1683997060\n|gametype|doubles\n|player|p1|Yae3ko|101|\n|player|p2|SoulSur|punkgirl-masters|\n|teamsize|p1|6\n|teamsize|p2|6\n|gen|9\n|tier|[Gen 9] VGC 2023 Regulation C\n|rule|Species Clause: Limit one of each Pok\u00e9mon\n|rule|Item Clause: Limit one of each item\n|clearpoke\n|poke|p1|Torkoal, L50, M|\n|poke|p1|Jumpluff, L50, M|\n|poke|p1|Great Tusk, L50|\n|poke|p1|Flutter Mane, L50|\n|poke|p1|Chien-Pao, L50|\n|poke|p1|Chi-Yu, L50|\n|poke|p2|Murkrow, L50, F|\n|poke|p2|Chi-Yu, L50|\n|poke|p2|Flutter Mane, L50|\n|poke|p2|Great Tusk, L50|\n|poke|p2|Brute Bonnet, L50|\n|poke|p2|Corviknight, L50, F|\n|teampreview|4\nYae3ko has agreed to open team sheets.\n|c|\u2606Yae3ko|G2\nSoulSur has agreed to open team sheets.\n|j| Kunal6\n|j| WillE_VGC\n|j| tyo\n|j| Deemo Hyouryou\n|j| MichaelderBeste2\n|j|+PinkSylvie\n|j| Ciemmelle\n|j| ctslegend\n|l| WillE_VGC\n|j| WillE_VGC\n|j| pwny person\n|l| pwny person\n|\n|t:|1683997768\n|start\n|switch|p1a: Torkoal|Torkoal, L50, M|100\/100\n|switch|p1b: Jumpluff|Jumpluff, L50, M, shiny|100\/100\n|switch|p2a: Murkrow|Murkrow, L50, F, shiny|100\/100\n|switch|p2b: Corviknight|Corviknight, L50, F|100\/100\n|-weather|SunnyDay|[from] ability: Drought|[of] p1a: Torkoal\n|turn|1\n|\n|t:|1683997827\n|-terastallize|p1b: Jumpluff|Water\n|-terastallize|p2b: Corviknight|Fire\n|move|p2a: Murkrow|Tailwind|p2a: Murkrow\n|-sidestart|p2: SoulSur|move: Tailwind\n|move|p1b: Jumpluff|Tailwind|p1b: Jumpluff\n|-sidestart|p1: Yae3ko|move: Tailwind\n|move|p2b: Corviknight|Brave Bird|p1b: Jumpluff\n|-damage|p1b: Jumpluff|0 fnt\n|faint|p1b: Jumpluff\n|-damage|p2b: Corviknight|70\/100|[from] Recoil\n|move|p1a: Torkoal|Overheat|p2b: Corviknight\n|-resisted|p2b: Corviknight\n|-damage|p2b: Corviknight|35\/100\n|-unboost|p1a: Torkoal|spa|2\n|-enditem|p1a: Torkoal|Eject Pack\n|\n|t:|1683997846\n|switch|p1a: Great Tusk|Great Tusk, L50|100\/100\n|-activate|p1a: Great Tusk|ability: Protosynthesis\n|-start|p1a: Great Tusk|protosynthesisatk\n|\n|-weather|SunnyDay|[upkeep]\n|upkeep\n|\n|t:|1683997851\n|switch|p1b: Flutter Mane|Flutter Mane, L50|100\/100\n|-activate|p1b: Flutter Mane|ability: Protosynthesis\n|-start|p1b: Flutter Mane|protosynthesisspa\n|turn|2\n|\n|t:|1683997914\n|move|p1a: Great Tusk|Headlong Rush|p2b: Corviknight\n|-supereffective|p2b: Corviknight\n|-damage|p2b: Corviknight|0 fnt\n|-unboost|p1a: Great Tusk|def|1\n|-unboost|p1a: Great Tusk|spd|1\n|faint|p2b: Corviknight\n|move|p1b: Flutter Mane|Moonblast|p2a: Murkrow\n|-supereffective|p2a: Murkrow\n|-damage|p2a: Murkrow|0 fnt\n|faint|p2a: Murkrow\n|\n|-weather|SunnyDay|[upkeep]\n|upkeep\n|\n|t:|1683997918\n|switch|p2a: Great Tusk|Great Tusk, L50|100\/100\n|switch|p2b: Flutter Mane|Flutter Mane, L50|100\/100\n|-activate|p2a: Great Tusk|ability: Protosynthesis\n|-start|p2a: Great Tusk|protosynthesisatk\n|-activate|p2b: Flutter Mane|ability: Protosynthesis\n|-start|p2b: Flutter Mane|protosynthesisspa\n|turn|3\n|\n|t:|1683997977\n|move|p1a: Great Tusk|Headlong Rush|p2b: Flutter Mane\n|-damage|p2b: Flutter Mane|0 fnt\n|-unboost|p1a: Great Tusk|def|1\n|-unboost|p1a: Great Tusk|spd|1\n|faint|p2b: Flutter Mane\n|-end|p2b: Flutter Mane|Protosynthesis|[silent]\n|move|p2a: Great Tusk|Headlong Rush|p1a: Great Tusk\n|-damage|p1a: Great Tusk|0 fnt\n|-unboost|p2a: Great Tusk|def|1\n|-unboost|p2a: Great Tusk|spd|1\n|faint|p1a: Great Tusk\n|-end|p1a: Great Tusk|Protosynthesis|[silent]\n|move|p1b: Flutter Mane|Moonblast|p2a: Great Tusk\n|-supereffective|p2a: Great Tusk\n|-damage|p2a: Great Tusk|0 fnt\n|faint|p2a: Great Tusk\n|-end|p2a: Great Tusk|Protosynthesis|[silent]\n|\n|win|Yae3ko\n|c|\u2606Yae3ko|GGS\n|c|\u2606SoulSur|ggs!\n|l| MichaelderBeste2\n|l|+PinkSylvie\n|l| tyo\n|l| Kunal6\n|j| Kunal6\n|l| WillE_VGC\n|l| Ciemmelle\n|l|\u2606SoulSur\n|l| Kunal6\n|l| Deemo Hyouryou\n|j| Bellibolt Boys\n|l| Bellibolt Boys\n|j| calvonix\n","uploadtime":1683998009,"views":12,"p1id":"yae3ko","p2id":"soulsur","formatid":"gen9vgc2023regulationc","rating":0,"private":0,"password":""}