{"id":"gen9vgc2023regulationc-1848468336","p1":"ZaxbysSauce","p2":"LemonGrassVGC","format":"[Gen 9] VGC 2023 Regulation C","log":"|j|\u2606ZaxbysSauce\n|j|\u2606LemonGrassVGC\n|t:|1682081682\n|gametype|doubles\n|player|p1|ZaxbysSauce|swimmer-gen4dp|1204\n|player|p2|LemonGrassVGC|blue|1232\n|teamsize|p1|6\n|teamsize|p2|6\n|gen|9\n|tier|[Gen 9] VGC 2023 Regulation C\n|rated|\n|rule|Species Clause: Limit one of each Pok\u00e9mon\n|rule|Item Clause: Limit one of each item\n|clearpoke\n|poke|p1|Scizor, L50, M|\n|poke|p1|Chien-Pao, L50|\n|poke|p1|Talonflame, L50, F|\n|poke|p1|Iron Hands, L50|\n|poke|p1|Kingambit, L50, F|\n|poke|p1|Dragapult, L50, F|\n|poke|p2|Flutter Mane, L50|\n|poke|p2|Volcarona, L50, F|\n|poke|p2|Dragapult, L50, F|\n|poke|p2|Amoonguss, L50, M|\n|poke|p2|Iron Hands, L50|\n|poke|p2|Palafin, L50, F|\n|teampreview|4\n|inactive|Battle timer is ON: inactive players will automatically lose when time's up. (requested by ZaxbysSauce)\n|\n|t:|1682081728\n|start\n|switch|p1a: Ice Fang|Chien-Pao, L50|100\/100\n|switch|p1b: Dragapult|Dragapult, L50, F|100\/100\n|switch|p2a: Palafin|Palafin, L50, F|100\/100\n|switch|p2b: Dragapult|Dragapult, L50, F|100\/100\n|-ability|p1a: Ice Fang|Sword of Ruin\n|turn|1\n|inactive|LemonGrassVGC has 30 seconds left.\n|\n|t:|1682081755\n|detailschange|p2a: Palafin|Palafin-Hero, L50, F\n|switch|p2a: Volcarona|Volcarona, L50, F|100\/100\n|-terastallize|p1b: Dragapult|Dragon\n|move|p2b: Dragapult|Dragon Dance|p2b: Dragapult\n|-boost|p2b: Dragapult|atk|1\n|-boost|p2b: Dragapult|spe|1\n|move|p1a: Ice Fang|Ice Spinner|p2b: Dragapult\n|-supereffective|p2b: Dragapult\n|-damage|p2b: Dragapult|0 fnt\n|faint|p2b: Dragapult\n|move|p1b: Dragapult|Dragon Darts|p2a: Volcarona\n|-damage|p2a: Volcarona|14\/100\n|-anim|p1b: Dragapult|Dragon Darts|p2a: Volcarona\n|-damage|p2a: Volcarona|0 fnt\n|faint|p2a: Volcarona\n|\n|upkeep\n|\n|t:|1682081771\n|switch|p2b: Palafin|Palafin-Hero, L50, F|100\/100\n|switch|p2a: Amoonguss|Amoonguss, L50, M|100\/100\n|-activate|p2b: Palafin|ability: Zero to Hero\n|turn|2\n|inactive|LemonGrassVGC has 30 seconds left.\n|\n|t:|1682081805\n|move|p2b: Palafin|Protect|p2b: Palafin\n|-singleturn|p2b: Palafin|Protect\n|move|p1a: Ice Fang|Ice Spinner|p2a: Amoonguss\n|-supereffective|p2a: Amoonguss\n|-damage|p2a: Amoonguss|19\/100\n|-enditem|p2a: Amoonguss|Sitrus Berry|[eat]\n|-heal|p2a: Amoonguss|44\/100|[from] item: Sitrus Berry\n|move|p1b: Dragapult|Dragon Darts|p2a: Amoonguss\n|-damage|p2a: Amoonguss|0 fnt\n|faint|p2a: Amoonguss\n|\n|upkeep\n|turn|3\n|-message|LemonGrassVGC forfeited.\n|\n|win|ZaxbysSauce\n|raw|ZaxbysSauce's rating: 1204 → 1231<\/strong> (+27 for winning)\n|raw|LemonGrassVGC's rating: 1232 → 1205<\/strong> (-27 for losing)\n|l|\u2606LemonGrassVGC\n","uploadtime":1682081835,"views":11,"p1id":"zaxbyssauce","p2id":"lemongrassvgc","formatid":"gen9vgc2023regulationc","rating":1205,"private":0,"password":""}