{"id":"gen9vgc2023regulationc-1850308518","p1":"temerence","p2":"berah95","format":"[Gen 9] VGC 2023 Regulation C","log":"|j|\u2606temerence\n|j|\u2606berah95\n|t:|1682315320\n|gametype|doubles\n|player|p1|temerence|hilbert|1058\n|player|p2|berah95|silver|1039\n|teamsize|p1|6\n|teamsize|p2|6\n|gen|9\n|tier|[Gen 9] VGC 2023 Regulation C\n|rated|\n|rule|Species Clause: Limit one of each Pok\u00e9mon\n|rule|Item Clause: Limit one of each item\n|clearpoke\n|poke|p1|Flutter Mane, L50|\n|poke|p1|Amoonguss, L50, M|\n|poke|p1|Palafin, L50, F|\n|poke|p1|Chien-Pao, L50|\n|poke|p1|Arcanine, L50, F|\n|poke|p1|Dragapult, L50, F|\n|poke|p2|Dragonite, L50, F|\n|poke|p2|Chien-Pao, L50|\n|poke|p2|Chi-Yu, L50|\n|poke|p2|Flutter Mane, L50|\n|poke|p2|Dachsbun, L50, M|\n|poke|p2|Azumarill, L50, F|\n|teampreview|4\n|inactive|Battle timer is ON: inactive players will automatically lose when time's up. (requested by temerence)\n|inactive|temerence has 60 seconds left.\n|\n|t:|1682315390\n|start\n|switch|p1a: Amoonguss|Amoonguss, L50, M|100\/100\n|switch|p1b: Palafin|Palafin, L50, F|100\/100\n|switch|p2a: Chi-Yu|Chi-Yu, L50|100\/100\n|switch|p2b: Dachsbun|Dachsbun, L50, M|100\/100\n|-ability|p2a: Chi-Yu|Beads of Ruin\n|turn|1\n|\n|t:|1682315412\n|detailschange|p1b: Palafin|Palafin-Hero, L50, F\n|switch|p1b: Chien-Pao|Chien-Pao, L50|100\/100\n|-ability|p1b: Chien-Pao|Sword of Ruin\n|-terastallize|p2b: Dachsbun|Fairy\n|move|p2a: Chi-Yu|Lava Plume|p1b: Chien-Pao|[spread] p1a,p1b\n|-ability|p2b: Dachsbun|Well-Baked Body|boost\n|-boost|p2b: Dachsbun|def|2\n|-supereffective|p1a: Amoonguss\n|-supereffective|p1b: Chien-Pao\n|-damage|p1a: Amoonguss|43\/100\n|-enditem|p1b: Chien-Pao|Focus Sash\n|-damage|p1b: Chien-Pao|1\/100\n|-status|p1a: Amoonguss|brn\n|-enditem|p1a: Amoonguss|Sitrus Berry|[eat]\n|-heal|p1a: Amoonguss|68\/100 brn|[from] item: Sitrus Berry\n|move|p2b: Dachsbun|Play Rough|p1b: Chien-Pao\n|-supereffective|p1b: Chien-Pao\n|-damage|p1b: Chien-Pao|0 fnt\n|faint|p1b: Chien-Pao\n|move|p1a: Amoonguss|Spore|p2a: Chi-Yu\n|-status|p2a: Chi-Yu|slp|[from] move: Spore\n|\n|-damage|p1a: Amoonguss|62\/100 brn|[from] brn\n|upkeep\n|inactive|temerence has 30 seconds left.\n|\n|t:|1682315437\n|switch|p1b: Flutter Mane|Flutter Mane, L50|100\/100\n|-enditem|p1b: Flutter Mane|Booster Energy\n|-activate|p1b: Flutter Mane|ability: Protosynthesis|[fromitem]\n|-start|p1b: Flutter Mane|protosynthesisspe\n|turn|2\n|inactive|temerence has 30 seconds left.\n|inactive|temerence has 20 seconds left.\n|\n|t:|1682315475\n|switch|p2a: Chien-Pao|Chien-Pao, L50|100\/100\n|-ability|p2a: Chien-Pao|Sword of Ruin\n|move|p1b: Flutter Mane|Moonblast|p2a: Chien-Pao\n|-supereffective|p2a: Chien-Pao\n|-enditem|p2a: Chien-Pao|Focus Sash\n|-damage|p2a: Chien-Pao|1\/100\n|move|p2b: Dachsbun|Body Press|p1a: Amoonguss\n|-resisted|p1a: Amoonguss\n|-damage|p1a: Amoonguss|32\/100 brn\n|move|p1a: Amoonguss|Pollen Puff|p2a: Chien-Pao\n|-supereffective|p2a: Chien-Pao\n|-damage|p2a: Chien-Pao|0 fnt\n|faint|p2a: Chien-Pao\n|\n|-damage|p1a: Amoonguss|26\/100 brn|[from] brn\n|upkeep\n|\n|t:|1682315491\n|switch|p2a: Flutter Mane|Flutter Mane, L50|100\/100\n|turn|3\n|\n|t:|1682315508\n|move|p1b: Flutter Mane|Protect|p1b: Flutter Mane\n|-singleturn|p1b: Flutter Mane|Protect\n|move|p2a: Flutter Mane|Shadow Ball|p1b: Flutter Mane\n|-activate|p1b: Flutter Mane|move: Protect\n|move|p2b: Dachsbun|Body Press|p1a: Amoonguss\n|-resisted|p1a: Amoonguss\n|-damage|p1a: Amoonguss|2\/100 brn\n|move|p1a: Amoonguss|Spore|p2b: Dachsbun\n|-status|p2b: Dachsbun|slp|[from] move: Spore\n|\n|-damage|p1a: Amoonguss|0 fnt|[from] brn\n|faint|p1a: Amoonguss\n|upkeep\n|\n|t:|1682315520\n|switch|p1a: Palafin|Palafin-Hero, L50, F|100\/100\n|-activate|p1a: Palafin|ability: Zero to Hero\n|turn|4\n|-message|berah95 forfeited.\n|\n|win|temerence\n|raw|temerence's rating: 1058 → 1088<\/strong> (+30 for winning)\n|raw|berah95's rating: 1039 → 1024<\/strong> (-15 for losing)\n|l|\u2606berah95\n","uploadtime":1682315536,"views":30,"p1id":"temerence","p2id":"berah95","formatid":"gen9vgc2023regulationc","rating":1024,"private":0,"password":""}