{"id":"gen9vgc2023regulationc-1859637388","p1":"4thWorkWeekend","p2":"pupulovessixsheep","format":"[Gen 9] VGC 2023 Regulation C","log":"|j|\u26064thWorkWeekend\n|j|\u2606pupulovessixsheep\n|t:|1683551455\n|gametype|doubles\n|player|p1|4thWorkWeekend|170|1236\n|player|p2|pupulovessixsheep|169|1276\n|teamsize|p1|6\n|teamsize|p2|6\n|gen|9\n|tier|[Gen 9] VGC 2023 Regulation C\n|rated|\n|rule|Species Clause: Limit one of each Pok\u00e9mon\n|rule|Item Clause: Limit one of each item\n|clearpoke\n|poke|p1|Torkoal, L50, F|\n|poke|p1|Jumpluff, L50, F|\n|poke|p1|Great Tusk, L50|\n|poke|p1|Kingambit, L50, F|\n|poke|p1|Flutter Mane, L50|\n|poke|p1|Chien-Pao, L50|\n|poke|p2|Talonflame, L50, M|\n|poke|p2|Chi-Yu, L50|\n|poke|p2|Flutter Mane, L50|\n|poke|p2|Amoonguss, L50, F|\n|poke|p2|Tyranitar, L50, F|\n|poke|p2|Houndstone, L50, M|\n|teampreview|4\n|inactive|Battle timer is ON: inactive players will automatically lose when time's up. (requested by pupulovessixsheep)\n|inactive|4thWorkWeekend has 60 seconds left.\n|\n|t:|1683551515\n|start\n|switch|p1a: Great Tusk|Great Tusk, L50|100\/100\n|switch|p1b: Jumpluff|Jumpluff, L50, F, shiny|100\/100\n|switch|p2a: Chi-Yu|Chi-Yu, L50|100\/100\n|switch|p2b: Talonflame|Talonflame, L50, M, shiny|100\/100\n|-ability|p2a: Chi-Yu|Beads of Ruin\n|turn|1\n|\n|t:|1683551537\n|-terastallize|p1a: Great Tusk|Fire\n|move|p2b: Talonflame|Tailwind|p2b: Talonflame\n|-sidestart|p2: pupulovessixsheep|move: Tailwind\n|move|p2a: Chi-Yu|Heat Wave|p1a: Great Tusk|[spread] p1a,p1b\n|-resisted|p1a: Great Tusk\n|-supereffective|p1b: Jumpluff\n|-damage|p1a: Great Tusk|54\/100\n|-damage|p1b: Jumpluff|0 fnt\n|faint|p1b: Jumpluff\n|move|p1a: Great Tusk|Rock Slide|p2b: Talonflame|[spread] p2a,p2b\n|-supereffective|p2a: Chi-Yu\n|-supereffective|p2b: Talonflame\n|-damage|p2a: Chi-Yu|32\/100\n|-enditem|p2b: Talonflame|Focus Sash\n|-damage|p2b: Talonflame|1\/100\n|\n|upkeep\n|\n|t:|1683551553\n|switch|p1b: Chien-Pao|Chien-Pao, L50|100\/100\n|-ability|p1b: Chien-Pao|Sword of Ruin\n|turn|2\n|\n|t:|1683551569\n|move|p2a: Chi-Yu|Heat Wave|p1b: Chien-Pao|[spread] p1a\n|-miss|p2a: Chi-Yu|p1b: Chien-Pao\n|-resisted|p1a: Great Tusk\n|-crit|p1a: Great Tusk\n|-damage|p1a: Great Tusk|0 fnt\n|faint|p1a: Great Tusk\n|-end|p1a: Great Tusk|Protosynthesis|[silent]\n|move|p2b: Talonflame|Taunt|p1b: Chien-Pao\n|-start|p1b: Chien-Pao|move: Taunt\n|move|p1b: Chien-Pao|Sacred Sword|p2b: Talonflame\n|-resisted|p2b: Talonflame\n|-damage|p2b: Talonflame|0 fnt\n|faint|p2b: Talonflame\n|\n|upkeep\n|\n|t:|1683551586\n|switch|p2b: Tyranitar|Tyranitar, L50, F, shiny|100\/100\n|switch|p1a: Torkoal|Torkoal, L50, F|100\/100\n|-weather|Sandstorm|[from] ability: Sand Stream|[of] p2b: Tyranitar\n|-weather|SunnyDay|[from] ability: Drought|[of] p1a: Torkoal\n|turn|3\n|\n|t:|1683551603\n|move|p1b: Chien-Pao|Sucker Punch|p2a: Chi-Yu\n|-resisted|p2a: Chi-Yu\n|-damage|p2a: Chi-Yu|0 fnt\n|faint|p2a: Chi-Yu\n|move|p2b: Tyranitar|Rock Slide|p1a: Torkoal|[spread] p1a,p1b\n|-supereffective|p1a: Torkoal\n|-supereffective|p1b: Chien-Pao\n|-damage|p1a: Torkoal|42\/100\n|-damage|p1b: Chien-Pao|26\/100\n|cant|p1a: Torkoal|flinch\n|\n|-weather|SunnyDay|[upkeep]\n|upkeep\n|\n|t:|1683551616\n|switch|p2a: Flutter Mane|Flutter Mane, L50|100\/100\n|-activate|p2a: Flutter Mane|ability: Protosynthesis\n|-start|p2a: Flutter Mane|protosynthesisspa\n|turn|4\n|\n|t:|1683551626\n|-terastallize|p2a: Flutter Mane|Fairy\n|move|p1b: Chien-Pao|Sucker Punch|p2a: Flutter Mane\n|-resisted|p2a: Flutter Mane\n|-damage|p2a: Flutter Mane|51\/100\n|move|p2a: Flutter Mane|Dazzling Gleam|p1a: Torkoal|[spread] p1a,p1b\n|-resisted|p1a: Torkoal\n|-supereffective|p1b: Chien-Pao\n|-damage|p1a: Torkoal|15\/100\n|-damage|p1b: Chien-Pao|0 fnt\n|faint|p1b: Chien-Pao\n|move|p2b: Tyranitar|Rock Slide|p1a: Torkoal\n|-supereffective|p1a: Torkoal\n|-damage|p1a: Torkoal|0 fnt\n|faint|p1a: Torkoal\n|\n|win|pupulovessixsheep\n|raw|4thWorkWeekend's rating: 1236 → 1214<\/strong> (-22 for losing)\n|raw|pupulovessixsheep's rating: 1276 → 1298<\/strong> (+22 for winning)\n|l|\u26064thWorkWeekend\n","uploadtime":1683551644,"views":6,"p1id":"4thworkweekend","p2id":"pupulovessixsheep","formatid":"gen9vgc2023regulationc","rating":1214,"private":0,"password":""}