{"id":"gen9vgc2023regulationc-1854753007","p1":"AfuroVictini","p2":"Sirotik","format":"[Gen 9] VGC 2023 Regulation C","log":"|j|\u2606AfuroVictini\n|j|\u2606Sirotik\n|t:|1682861527\n|gametype|doubles\n|player|p1|AfuroVictini|lillie-masters2|\n|player|p2|Sirotik|evelyn|\n|teamsize|p1|6\n|teamsize|p2|6\n|gen|9\n|tier|[Gen 9] VGC 2023 Regulation C\n|rule|Species Clause: Limit one of each Pok\u00e9mon\n|rule|Item Clause: Limit one of each item\n|clearpoke\n|poke|p1|Amoonguss, L50, F|\n|poke|p1|Chi-Yu, L50|\n|poke|p1|Azumarill, L50, F|\n|poke|p1|Volcarona, L50, F|\n|poke|p1|Dragapult, L50, M|\n|poke|p1|Flutter Mane, L50|\n|poke|p2|Meowscarada, L50, M|\n|poke|p2|Krookodile, L50, M|\n|poke|p2|Amoonguss, L50, F|\n|poke|p2|Talonflame, L50, M|\n|poke|p2|Chien-Pao, L50|\n|poke|p2|Flutter Mane, L50|\n|teampreview|4\nAfuroVictini has agreed to open team sheets.\n|\n|t:|1682861603\n|start\n|switch|p1a: Dragapult|Dragapult, L50, M|100\/100\n|switch|p1b: Yoimiya|Chi-Yu, L50|100\/100\n|switch|p2a: Amoonguss|Amoonguss, L50, F|100\/100\n|switch|p2b: Talonflame|Talonflame, L50, M|100\/100\n|-ability|p1b: Yoimiya|Beads of Ruin\n|turn|1\n|\n|t:|1682861624\n|move|p2b: Talonflame|Brave Bird|p1b: Yoimiya\n|-damage|p1b: Yoimiya|19\/100\n|-damage|p2b: Talonflame|78\/100|[from] Recoil\n|move|p1b: Yoimiya|Heat Wave|p2b: Talonflame|[spread] p2a,p2b\n|-supereffective|p2a: Amoonguss\n|-resisted|p2b: Talonflame\n|-damage|p2a: Amoonguss|0 fnt\n|-damage|p2b: Talonflame|33\/100\n|faint|p2a: Amoonguss\n|move|p1a: Dragapult|Dragon Darts|p2b: Talonflame\n|-damage|p2b: Talonflame|0 fnt\n|faint|p2b: Talonflame\n|-damage|p1a: Dragapult|91\/100|[from] item: Life Orb\n|\n|upkeep\n|\n|t:|1682861636\n|switch|p2b: Krookodile|Krookodile, L50, M|100\/100\n|switch|p2a: Meowscarada|Meowscarada, L50, M|100\/100\n|turn|2\n|\n|t:|1682861662\n|move|p2a: Meowscarada|Trick|p1b: Yoimiya\n|-start|p2a: Meowscarada|typechange|Psychic|[from] ability: Protean\n|-activate|p2a: Meowscarada|move: Trick|[of] p1b: Yoimiya\n|-item|p1b: Yoimiya|Choice Scarf|[from] move: Trick\n|-item|p2a: Meowscarada|Choice Scarf|[from] move: Trick\n|move|p1b: Yoimiya|Heat Wave|p2a: Meowscarada|[spread] p2a,p2b\n|-damage|p2a: Meowscarada|19\/100\n|-damage|p2b: Krookodile|25\/100\n|-status|p2a: Meowscarada|brn\n|move|p1a: Dragapult|Phantom Force||[still]\n|-prepare|p1a: Dragapult|Phantom Force\n|move|p2b: Krookodile|Crunch|p1a: Dragapult|[miss]\n|-miss|p2b: Krookodile|p1a: Dragapult\n|\n|-damage|p2a: Meowscarada|13\/100 brn|[from] brn\n|upkeep\n|turn|3\n|c|\u2606AfuroVictini|uyy\n|c|\u2606AfuroVictini|casi\n|c|\u2606AfuroVictini|ahi me salio bien la jugada\n|\n|t:|1682861693\n|move|p2b: Krookodile|Protect|p2b: Krookodile\n|-singleturn|p2b: Krookodile|Protect\n|move|p2a: Meowscarada|U-turn|p1b: Yoimiya\n|-damage|p1b: Yoimiya|1\/100\n|move|p1b: Yoimiya|Heat Wave|p2b: Krookodile|[spread] p2a\n|-activate|p2b: Krookodile|move: Protect\n|-damage|p2a: Meowscarada|0 fnt\n|faint|p2a: Meowscarada\n|move|p1a: Dragapult|Phantom Force|p2b: Krookodile|[from]lockedmove\n|-activate|p2b: Krookodile|move: Phantom Force|[broken]\n|-resisted|p2b: Krookodile\n|-damage|p2b: Krookodile|0 fnt\n|faint|p2b: Krookodile\n|-damage|p1a: Dragapult|81\/100|[from] item: Life Orb\n|\n|win|AfuroVictini\n","uploadtime":1682861707,"views":13,"p1id":"afurovictini","p2id":"sirotik","formatid":"gen9vgc2023regulationc","rating":0,"private":0,"password":""}