{"id":"gen9vgc2023regulationc-1863651294","p1":"zgrzgr","p2":"Titi Grech","format":"[Gen 9] VGC 2023 Regulation C","log":"|j|\u2606zgrzgr\n|j|\u2606Titi Grech\n|t:|1684052105\n|gametype|doubles\n|player|p1|zgrzgr|ethan|\n|player|p2|Titi Grech|hiker-gen4|\n|teamsize|p1|6\n|teamsize|p2|6\n|gen|9\n|tier|[Gen 9] VGC 2023 Regulation C\n|rated|Tournament battle\n|rule|Species Clause: Limit one of each Pok\u00e9mon\n|rule|Item Clause: Limit one of each item\n|clearpoke\n|poke|p1|Flutter Mane, L50|\n|poke|p1|Chi-Yu, L50|\n|poke|p1|Murkrow, L50, F|\n|poke|p1|Brute Bonnet, L50|\n|poke|p1|Iron Bundle, L50|\n|poke|p1|Great Tusk, L50|\n|poke|p2|Arcanine, L50, M|\n|poke|p2|Rotom-Wash, L50|\n|poke|p2|Scizor, L50, F|\n|poke|p2|Flutter Mane, L50|\n|poke|p2|Chien-Pao, L50|\n|poke|p2|Garchomp, L50, M|\n|teampreview|4\n|raw| Open Team Sheet for zgrzgr<\/summary>Flutter Mane @ Life Orb Ability: Protosynthesis Level: 50 Tera Type: Fairy - Shadow Ball - Dazzling Gleam - Moonblast - Protect Chi-Yu @ Safety Goggles Ability: Beads of Ruin Level: 50 Tera Type: Water - Dark Pulse - Heat Wave - Protect - Tera Blast Murkrow @ Focus Sash Ability: Prankster Level: 50 Tera Type: Ghost - Sunny Day - Tailwind - Quash - Brave Bird Brute Bonnet @ Loaded Dice Ability: Protosynthesis Level: 50 Tera Type: Water - Bullet Seed - Spore - Sucker Punch - Protect Iron Bundle @ Booster Energy Ability: Quark Drive Level: 50 Tera Type: Ghost - Encore - Icy Wind - Freeze-Dry - Protect Great Tusk @ Clear Amulet Ability: Protosynthesis Level: 50 Hidden Power: Fighting Tera Type: Steel - Headlong Rush - Close Combat - Rock Slide - Protect <\/details><\/div> Open Team Sheet for Titi Grech<\/summary>Arcanine @ Safety Goggles Ability: Intimidate Level: 50 Shiny: Yes Tera Type: Flying - Extreme Speed - Flare Blitz - Protect - Will-O-Wisp Rotom (Rotom-Wash) @ Choice Specs Ability: Levitate Level: 50 Tera Type: Fire - Discharge - Hydro Pump - Shadow Ball - Tera Blast Scizor @ Life Orb Ability: Technician Level: 50 Tera Type: Fighting - Bullet Punch - Close Combat - X-Scissor - Protect Flutter Mane @ Booster Energy Ability: Protosynthesis Level: 50 Shiny: Yes Tera Type: Fairy - Dazzling Gleam - Shadow Ball - Energy Ball - Protect Chien-Pao @ Focus Sash Ability: Sword of Ruin Level: 50 Tera Type: Dark - Ice Spinner - Crunch - Haze - Sacred Sword Garchomp @ Choice Scarf Ability: Rough Skin Level: 50 Tera Type: Ground - Earthquake - Dragon Claw - Iron Head - Rock Slide <\/details><\/div>\n|inactive|Battle timer is ON: inactive players will automatically lose when time's up. (requested by Titi Grech)\n|inactive|zgrzgr has 60 seconds left.\n|inactive|Titi Grech has 60 seconds left.\n|inactive|zgrzgr has 30 seconds left.\n|inactive|zgrzgr has 20 seconds left.\n|inactive|zgrzgr has 15 seconds left.\n|inactive|zgrzgr has 10 seconds left.\n|\n|t:|1684052190\n|start\n|switch|p1a: Iron Bundle|Iron Bundle, L50|100\/100\n|switch|p1b: Brute Bonnet|Brute Bonnet, L50|100\/100\n|switch|p2a: Rotom|Rotom-Wash, L50|100\/100\n|switch|p2b: Garchomp|Garchomp, L50, M|100\/100\n|-enditem|p1a: Iron Bundle|Booster Energy\n|-activate|p1a: Iron Bundle|ability: Quark Drive|[fromitem]\n|-start|p1a: Iron Bundle|quarkdrivespe\n|turn|1\n|j| JDawggyDawgg\n|inactive|zgrzgr has 30 seconds left.\n|inactive|Titi Grech has 30 seconds left.\n|\n|t:|1684052221\n|move|p1a: Iron Bundle|Icy Wind|p2b: Garchomp|[spread] p2a,p2b\n|-resisted|p2a: Rotom\n|-crit|p2a: Rotom\n|-supereffective|p2b: Garchomp\n|-damage|p2a: Rotom|86\/100\n|-damage|p2b: Garchomp|25\/100\n|-unboost|p2a: Rotom|spe|1\n|-unboost|p2b: Garchomp|spe|1\n|move|p2b: Garchomp|Iron Head|p1b: Brute Bonnet\n|-damage|p1b: Brute Bonnet|75\/100\n|move|p1b: Brute Bonnet|Spore|p2a: Rotom\n|-status|p2a: Rotom|slp|[from] move: Spore\n|cant|p2a: Rotom|slp\n|\n|upkeep\n|turn|2\n|inactive|Titi Grech has 30 seconds left.\n|\n|t:|1684052252\n|move|p1a: Iron Bundle|Freeze-Dry|p2b: Garchomp\n|-supereffective|p2b: Garchomp\n|-damage|p2b: Garchomp|0 fnt\n|faint|p2b: Garchomp\n|move|p1b: Brute Bonnet|Bullet Seed|p2a: Rotom\n|-supereffective|p2a: Rotom\n|-damage|p2a: Rotom|51\/100 slp\n|-supereffective|p2a: Rotom\n|-damage|p2a: Rotom|12\/100 slp\n|-supereffective|p2a: Rotom\n|-damage|p2a: Rotom|0 fnt\n|faint|p2a: Rotom\n|-hitcount|p2: Rotom|3\n|\n|upkeep\n|\n|t:|1684052263\n|switch|p2b: Chien-Pao|Chien-Pao, L50|100\/100\n|switch|p2a: Flutter Mane|Flutter Mane, L50, shiny|100\/100\n|-ability|p2b: Chien-Pao|Sword of Ruin\n|-enditem|p2a: Flutter Mane|Booster Energy\n|-activate|p2a: Flutter Mane|ability: Protosynthesis|[fromitem]\n|-start|p2a: Flutter Mane|protosynthesisspa\n|turn|3\n|inactive|zgrzgr has 30 seconds left.\n|inactive|Titi Grech has 30 seconds left.\n|\n|t:|1684052294\n|-terastallize|p1b: Brute Bonnet|Water\n|move|p1a: Iron Bundle|Icy Wind|p2b: Chien-Pao|[spread] p2a,p2b\n|-resisted|p2b: Chien-Pao\n|-damage|p2a: Flutter Mane|85\/100\n|-damage|p2b: Chien-Pao|85\/100\n|-unboost|p2a: Flutter Mane|spe|1\n|-unboost|p2b: Chien-Pao|spe|1\n|move|p2b: Chien-Pao|Ice Spinner|p1b: Brute Bonnet\n|-resisted|p1b: Brute Bonnet\n|-damage|p1b: Brute Bonnet|54\/100\n|move|p1b: Brute Bonnet|Spore|p2b: Chien-Pao\n|-status|p2b: Chien-Pao|slp|[from] move: Spore\n|move|p2a: Flutter Mane|Energy Ball|p1a: Iron Bundle\n|-supereffective|p1a: Iron Bundle\n|-damage|p1a: Iron Bundle|0 fnt\n|faint|p1a: Iron Bundle\n|-end|p1a: Iron Bundle|Quark Drive|[silent]\n|\n|upkeep\n|\n|t:|1684052317\n|switch|p1a: Flutter Mane|Flutter Mane, L50|100\/100\n|turn|4\n|\n|t:|1684052338\n|-terastallize|p2b: Chien-Pao|Dark\n|move|p1a: Flutter Mane|Dazzling Gleam|p2a: Flutter Mane|[spread] p2a,p2b\n|-supereffective|p2b: Chien-Pao\n|-damage|p2a: Flutter Mane|46\/100\n|-damage|p2b: Chien-Pao|0 fnt\n|faint|p2b: Chien-Pao\n|-damage|p1a: Flutter Mane|91\/100|[from] item: Life Orb\n|move|p1b: Brute Bonnet|Spore|p2a: Flutter Mane\n|-status|p2a: Flutter Mane|slp|[from] move: Spore\n|cant|p2a: Flutter Mane|slp\n|\n|upkeep\n|turn|5\n|-message|Titi Grech forfeited.\n|\n|win|zgrzgr\n|n|\u2606zgrzgr|zgrzgr\n|n|\u2606Titi Grech|titigrech\n|n| JDawggyDawgg|jdawggydawgg\n|l|\u2606Titi Grech\n|c|\u2606zgrzgr|wow your flutter is really slow\n","uploadtime":1684052399,"views":4,"p1id":"zgrzgr","p2id":"titigrech","formatid":"gen9vgc2023regulationc","rating":0,"private":0,"password":""}