{"id":"gen9vgc2023regulationc-1854525532","p1":"kljkghjf","p2":"Appleknight777","format":"[Gen 9] VGC 2023 Regulation C","log":"|j|\u2606kljkghjf\n|j|\u2606Appleknight777\n|t:|1682822279\n|gametype|doubles\n|player|p1|kljkghjf|cynthia|1498\n|player|p2|Appleknight777|102|1546\n|teamsize|p1|6\n|teamsize|p2|6\n|gen|9\n|tier|[Gen 9] VGC 2023 Regulation C\n|rated|\n|rule|Species Clause: Limit one of each Pok\u00e9mon\n|rule|Item Clause: Limit one of each item\n|clearpoke\n|poke|p1|Dondozo, L50, M|\n|poke|p1|Tatsugiri, L50, M|\n|poke|p1|Glimmora, L50, M|\n|poke|p1|Ting-Lu, L50|\n|poke|p1|Wo-Chien, L50|\n|poke|p1|Flutter Mane, L50|\n|poke|p2|Hatterene, L50, F|\n|poke|p2|Indeedee-F, L50, F|\n|poke|p2|Maushold-Four, L50|\n|poke|p2|Torkoal, L50, F|\n|poke|p2|Lilligant, L50, F|\n|poke|p2|Flutter Mane, L50|\n|teampreview|4\n|inactive|Battle timer is ON: inactive players will automatically lose when time's up. (requested by kljkghjf)\nkljkghjf rejected open team sheets.\n|j| chacaad\n|j| raityangontyan\n|inactive|Appleknight777 has 60 seconds left.\n|c|\u2606kljkghjf|too much people\n|inactive|Appleknight777 has 30 seconds left.\n|inactive|kljkghjf has 60 seconds left.\n|inactive|Appleknight777 has 20 seconds left.\n|inactive|Appleknight777 has 15 seconds left.\n|\n|t:|1682822357\n|start\n|switch|p1a: Glimmora|Glimmora, L50, M|100\/100\n|switch|p1b: Dondozo|Dondozo, L50, M, shiny|100\/100\n|switch|p2a: Indeedee|Indeedee-F, L50, F|100\/100\n|switch|p2b: Maushold|Maushold-Four, L50|100\/100\n|-fieldstart|move: Psychic Terrain|[from] ability: Psychic Surge|[of] p2a: Indeedee\n|-enditem|p2a: Indeedee|Psychic Seed\n|-boost|p2a: Indeedee|spd|1|[from] item: Psychic Seed\n|turn|1\n|inactive|kljkghjf has 30 seconds left.\n|\n|t:|1682822388\n|switch|p1b: Ting-Lu|Ting-Lu, L50|100\/100\n|-ability|p1b: Ting-Lu|Vessel of Ruin\n|-terastallize|p2b: Maushold|Normal\n|move|p2a: Indeedee|Helping Hand|p2b: Maushold\n|-singleturn|p2b: Maushold|Helping Hand|[of] p2a: Indeedee\n|move|p2b: Maushold|Population Bomb|p1a: Glimmora\n|-resisted|p1a: Glimmora\n|-damage|p1a: Glimmora|90\/100\n|-resisted|p1a: Glimmora\n|-damage|p1a: Glimmora|79\/100\n|-resisted|p1a: Glimmora\n|-damage|p1a: Glimmora|69\/100\n|-resisted|p1a: Glimmora\n|-damage|p1a: Glimmora|58\/100\n|-resisted|p1a: Glimmora\n|-damage|p1a: Glimmora|48\/100\n|-resisted|p1a: Glimmora\n|-damage|p1a: Glimmora|38\/100\n|-resisted|p1a: Glimmora\n|-damage|p1a: Glimmora|27\/100\n|-resisted|p1a: Glimmora\n|-damage|p1a: Glimmora|16\/100\n|-resisted|p1a: Glimmora\n|-damage|p1a: Glimmora|6\/100\n|-resisted|p1a: Glimmora\n|-damage|p1a: Glimmora|0 fnt\n|faint|p1a: Glimmora\n|-hitcount|p1: Glimmora|10\n|\n|upkeep\n|\n|t:|1682822412\n|switch|p1a: Dondozo|Dondozo, L50, M, shiny|100\/100\n|turn|2\n|-message|kljkghjf forfeited.\n|\n|win|Appleknight777\n|raw|kljkghjf's rating: 1498 → 1481<\/strong> (-17 for losing)\n|raw|Appleknight777's rating: 1546 → 1563<\/strong> (+17 for winning)\n|l|\u2606kljkghjf\n","uploadtime":1682822426,"views":15,"p1id":"kljkghjf","p2id":"appleknight777","formatid":"gen9vgc2023regulationc","rating":1481,"private":0,"password":""}