{"id":"gen9vgc2023regulationc-1846477244","p1":"TestingTheTalon","p2":"trex0928","format":"[Gen 9] VGC 2023 Regulation C","log":"|j|\u2606TestingTheTalon\n|j|\u2606trex0928\n|t:|1681844092\n|gametype|doubles\n|player|p1|TestingTheTalon|acetrainer-gen4dp|1444\n|player|p2|trex0928|265|1483\n|teamsize|p1|6\n|teamsize|p2|6\n|gen|9\n|tier|[Gen 9] VGC 2023 Regulation C\n|rated|\n|rule|Species Clause: Limit one of each Pok\u00e9mon\n|rule|Item Clause: Limit one of each item\n|clearpoke\n|poke|p1|Amoonguss, L50, F|\n|poke|p1|Arcanine, L50, M|\n|poke|p1|Palafin, L50, M|\n|poke|p1|Flutter Mane, L50|\n|poke|p1|Ting-Lu, L50|\n|poke|p1|Iron Hands, L50|\n|poke|p2|Great Tusk, L50|\n|poke|p2|Talonflame, L50, F|\n|poke|p2|Chi-Yu, L50|\n|poke|p2|Flutter Mane, L50|\n|poke|p2|Kingambit, L50, M|\n|poke|p2|Iron Bundle, L50|\n|teampreview|4\n|inactive|Battle timer is ON: inactive players will automatically lose when time's up. (requested by trex0928)\nTestingTheTalon has agreed to open team sheets.\ntrex0928 has agreed to open team sheets.\n|inactive|TestingTheTalon has 60 seconds left.\n|inactive|trex0928 has 60 seconds left.\n|inactive|TestingTheTalon has 30 seconds left.\n|inactive|trex0928 has 30 seconds left.\n|inactive|TestingTheTalon has 20 seconds left.\n|inactive|trex0928 has 20 seconds left.\n|inactive|TestingTheTalon has 15 seconds left.\n|inactive|trex0928 has 15 seconds left.\n|inactive|TestingTheTalon has 10 seconds left.\n|inactive|TestingTheTalon has 5 seconds left.\n|\n|t:|1681844181\n|start\n|switch|p1a: Palafin|Palafin, L50, M|100\/100\n|switch|p1b: Ting-Lu|Ting-Lu, L50|100\/100\n|switch|p2a: Flutter Mane|Flutter Mane, L50|100\/100\n|switch|p2b: Iron Bundle|Iron Bundle, L50|100\/100\n|-ability|p1b: Ting-Lu|Vessel of Ruin\n|-enditem|p2b: Iron Bundle|Booster Energy\n|-activate|p2b: Iron Bundle|ability: Quark Drive|[fromitem]\n|-start|p2b: Iron Bundle|quarkdrivespe\n|turn|1\n|inactive|TestingTheTalon has 30 seconds left.\n|inactive|trex0928 has 30 seconds left.\n|inactive|TestingTheTalon has 20 seconds left.\n|inactive|TestingTheTalon has 15 seconds left.\n|inactive|TestingTheTalon has 10 seconds left.\n|inactive|TestingTheTalon has 5 seconds left.\n|\n|t:|1681844236\n|-end|p2a: Flutter Mane|Protosynthesis|[silent]\n|switch|p2a: Great Tusk|Great Tusk, L50|100\/100\n|move|p1a: Palafin|Jet Punch|p2a: Great Tusk\n|-supereffective|p2a: Great Tusk\n|-damage|p2a: Great Tusk|55\/100\n|move|p2b: Iron Bundle|Hydro Pump|p1b: Ting-Lu\n|-supereffective|p1b: Ting-Lu\n|-damage|p1b: Ting-Lu|63\/100\n|move|p1b: Ting-Lu|Stomping Tantrum|p2a: Great Tusk\n|-crit|p2a: Great Tusk\n|-damage|p2a: Great Tusk|14\/100\n|\n|upkeep\n|turn|2\n|inactive|TestingTheTalon has 30 seconds left.\n|inactive|trex0928 has 30 seconds left.\n|inactive|TestingTheTalon has 20 seconds left.\n|inactive|TestingTheTalon has 15 seconds left.\n|\n|t:|1681844281\n|detailschange|p1a: Palafin|Palafin-Hero, L50, M\n|switch|p1a: Arcanine|Arcanine, L50, M|100\/100\n|-ability|p1a: Arcanine|Intimidate|boost\n|-unboost|p2a: Great Tusk|atk|1\n|-unboost|p2b: Iron Bundle|atk|1\n|switch|p1b: Flutter Mane|Flutter Mane, L50|100\/100\n|-enditem|p1b: Flutter Mane|Booster Energy\n|-activate|p1b: Flutter Mane|ability: Protosynthesis|[fromitem]\n|-start|p1b: Flutter Mane|protosynthesisspe\n|move|p2b: Iron Bundle|Freeze-Dry|p1b: Flutter Mane\n|-damage|p1b: Flutter Mane|65\/100\n|move|p2a: Great Tusk|Close Combat|p1b: Flutter Mane\n|-immune|p1b: Flutter Mane\n|\n|upkeep\n|turn|3\n|inactive|TestingTheTalon has 30 seconds left.\n|inactive|trex0928 has 30 seconds left.\n|inactive|TestingTheTalon has 20 seconds left.\n|inactive|TestingTheTalon has 15 seconds left.\n|inactive|TestingTheTalon has 10 seconds left.\n|inactive|TestingTheTalon has 5 seconds left.\n|\n|t:|1681844334\n|switch|p1a: Palafin|Palafin-Hero, L50, M|100\/100\n|-activate|p1a: Palafin|ability: Zero to Hero\n|move|p2b: Iron Bundle|Protect|p2b: Iron Bundle\n|-singleturn|p2b: Iron Bundle|Protect\n|move|p1b: Flutter Mane|Protect|p1b: Flutter Mane\n|-singleturn|p1b: Flutter Mane|Protect\n|move|p2a: Great Tusk|Earthquake|p1b: Flutter Mane|[spread] p1a\n|-activate|p2b: Iron Bundle|move: Protect\n|-activate|p1b: Flutter Mane|move: Protect\n|-damage|p1a: Palafin|73\/100\n|-damage|p2a: Great Tusk|4\/100|[from] item: Life Orb\n|\n|upkeep\n|turn|4\n|inactive|TestingTheTalon has 30 seconds left.\n|inactive|trex0928 has 30 seconds left.\n|inactive|trex0928 has 20 seconds left.\n|inactive|trex0928 has 15 seconds left.\n|\n|t:|1681844377\n|-end|p2b: Iron Bundle|Quark Drive|[silent]\n|switch|p2b: Talonflame|Talonflame, L50, F|100\/100\n|-terastallize|p1b: Flutter Mane|Fairy\n|move|p1a: Palafin|Protect|p1a: Palafin\n|-singleturn|p1a: Palafin|Protect\n|move|p1b: Flutter Mane|Dazzling Gleam|p2b: Talonflame|[spread] p2a,p2b\n|-supereffective|p2a: Great Tusk\n|-resisted|p2b: Talonflame\n|-damage|p2a: Great Tusk|0 fnt\n|-damage|p2b: Talonflame|70\/100\n|faint|p2a: Great Tusk\n|-end|p2a: Great Tusk|Protosynthesis|[silent]\n|\n|upkeep\n|inactive|trex0928 has 30 seconds left.\n|inactive|trex0928 has 20 seconds left.\n|inactive|trex0928 has 15 seconds left.\n|inactive|trex0928 has 10 seconds left.\n|inactive|trex0928 has 5 seconds left.\n|\n|t:|1681844428\n|switch|p2a: Flutter Mane|Flutter Mane, L50|100\/100\n|turn|5\n|inactive|TestingTheTalon has 30 seconds left.\n|inactive|trex0928 has 30 seconds left.\n|inactive|TestingTheTalon has 20 seconds left.\n|inactive|TestingTheTalon has 15 seconds left.\n|inactive|TestingTheTalon has 10 seconds left.\n|inactive|TestingTheTalon has 5 seconds left.\n|\n|t:|1681844481\n|-terastallize|p2a: Flutter Mane|Fairy\n|move|p1a: Palafin|Jet Punch|p2b: Talonflame\n|-supereffective|p2b: Talonflame\n|-damage|p2b: Talonflame|0 fnt\n|faint|p2b: Talonflame\n|move|p1b: Flutter Mane|Shadow Ball|p2a: Flutter Mane\n|-damage|p2a: Flutter Mane|55\/100\n|move|p2a: Flutter Mane|Dazzling Gleam|p1b: Flutter Mane|[spread] p1a,p1b\n|-damage|p1a: Palafin|17\/100\n|-damage|p1b: Flutter Mane|14\/100\n|\n|upkeep\n|\n|t:|1681844496\n|switch|p2b: Iron Bundle|Iron Bundle, L50|100\/100\n|turn|6\n|\n|t:|1681844506\n|move|p1a: Palafin|Jet Punch|p2a: Flutter Mane\n|-damage|p2a: Flutter Mane|0 fnt\n|faint|p2a: Flutter Mane\n|-end|p2a: Flutter Mane|Protosynthesis|[silent]\n|move|p1b: Flutter Mane|Dazzling Gleam|p2b: Iron Bundle\n|-damage|p2b: Iron Bundle|0 fnt\n|faint|p2b: Iron Bundle\n|-end|p2b: Iron Bundle|Quark Drive|[silent]\n|\n|win|TestingTheTalon\n|raw|TestingTheTalon's rating: 1444 → 1466<\/strong> (+22 for winning)\n|raw|trex0928's rating: 1483 → 1461<\/strong> (-22 for losing)\n","uploadtime":1681844515,"views":11,"p1id":"testingthetalon","p2id":"trex0928","formatid":"gen9vgc2023regulationc","rating":1461,"private":0,"password":""}