{"id":"gen9vgc2023regulationc-1853253573","p1":"snoozevgc","p2":"EverCoop","format":"[Gen 9] VGC 2023 Regulation C","log":"|j|\u2606snoozevgc\n|j|\u2606EverCoop\n|t:|1682655412\n|gametype|doubles\n|player|p1|snoozevgc|2|1529\n|player|p2|EverCoop|blue-gen1rbchampion|1568\n|teamsize|p1|6\n|teamsize|p2|6\n|gen|9\n|tier|[Gen 9] VGC 2023 Regulation C\n|rated|\n|rule|Species Clause: Limit one of each Pok\u00e9mon\n|rule|Item Clause: Limit one of each item\n|clearpoke\n|poke|p1|Lilligant, L50, F|\n|poke|p1|Torkoal, L50, F|\n|poke|p1|Flutter Mane, L50|\n|poke|p1|Kingambit, L50, F|\n|poke|p1|Dragonite, L50, F|\n|poke|p1|Great Tusk, L50|\n|poke|p2|Dragonite, L50, F|\n|poke|p2|Chien-Pao, L50|\n|poke|p2|Orthworm, L50, M|\n|poke|p2|Iron Moth, L50|\n|poke|p2|Rotom-Wash, L50|\n|poke|p2|Corviknight, L50, F|\n|teampreview|4\n|inactive|Battle timer is ON: inactive players will automatically lose when time's up. (requested by EverCoop)\n|inactive|snoozevgc also wants the timer to be on.\n|j| Braindeadmeta\n|inactive|EverCoop has 60 seconds left.\n|\n|t:|1682655457\n|start\n|switch|p1a: Lilligant|Lilligant, L50, F, shiny|100\/100\n|switch|p1b: Torkoal|Torkoal, L50, F, shiny|100\/100\n|switch|p2a: Dragonite|Dragonite, L50, F|100\/100\n|switch|p2b: Iron Moth|Iron Moth, L50|100\/100\n|-weather|SunnyDay|[from] ability: Drought|[of] p1b: Torkoal\n|-enditem|p2b: Iron Moth|Booster Energy\n|-activate|p2b: Iron Moth|ability: Quark Drive|[fromitem]\n|-start|p2b: Iron Moth|quarkdrivespa\n|turn|1\n|inactive|snoozevgc has 30 seconds left.\n|\n|t:|1682655484\n|switch|p2a: Orthworm|Orthworm, L50, M|100\/100\n|move|p1a: Lilligant|After You|p1b: Torkoal\n|-activate|p1b: Torkoal|move: After You\n|move|p1b: Torkoal|Earth Power|p2b: Iron Moth\n|-supereffective|p2b: Iron Moth\n|-damage|p2b: Iron Moth|0 fnt\n|faint|p2b: Iron Moth\n|-end|p2b: Iron Moth|Quark Drive|[silent]\n|\n|-weather|SunnyDay|[upkeep]\n|upkeep\n|\n|t:|1682655495\n|switch|p2b: Dragonite|Dragonite, L50, F|100\/100\n|turn|2\n|\n|t:|1682655516\n|-terastallize|p2b: Dragonite|Normal\n|move|p2a: Orthworm|Protect|p2a: Orthworm\n|-singleturn|p2a: Orthworm|Protect\n|move|p2b: Dragonite|Extreme Speed|p1a: Lilligant\n|-damage|p1a: Lilligant|33\/100\n|move|p1a: Lilligant|Sleep Powder|p2a: Orthworm\n|-activate|p2a: Orthworm|move: Protect\n|move|p1b: Torkoal|Eruption|p2a: Orthworm|[spread] p2b\n|-activate|p2a: Orthworm|move: Protect\n|-damage|p2b: Dragonite|73\/100\n|\n|-weather|SunnyDay|[upkeep]\n|upkeep\n|turn|3\n|inactive|EverCoop has 30 seconds left.\n|\n|t:|1682655544\n|-terastallize|p1a: Lilligant|Ghost\n|move|p1a: Lilligant|After You|p1b: Torkoal\n|-activate|p1b: Torkoal|move: After You\n|move|p1b: Torkoal|Eruption|p2a: Orthworm|[spread] p2a,p2b\n|-supereffective|p2a: Orthworm\n|-damage|p2a: Orthworm|0 fnt\n|-damage|p2b: Dragonite|12\/100\n|faint|p2a: Orthworm\n|move|p2b: Dragonite|Earthquake|p1b: Torkoal|[spread] p1a,p1b\n|-supereffective|p1b: Torkoal\n|-damage|p1a: Lilligant|0 fnt\n|-damage|p1b: Torkoal|56\/100\n|faint|p1a: Lilligant\n|\n|-weather|SunnyDay|[upkeep]\n|upkeep\n|\n|t:|1682655556\n|switch|p1a: Flutter Mane|Flutter Mane, L50, shiny|100\/100\n|switch|p2a: Chien-Pao|Chien-Pao, L50|100\/100\n|-ability|p2a: Chien-Pao|Sword of Ruin\n|-activate|p1a: Flutter Mane|ability: Protosynthesis\n|-start|p1a: Flutter Mane|protosynthesisspa\n|turn|4\n|l| Braindeadmeta\n|\n|t:|1682655565\n|move|p2b: Dragonite|Extreme Speed|p1b: Torkoal\n|-damage|p1b: Torkoal|12\/100\n|move|p2a: Chien-Pao|Sucker Punch|p1a: Flutter Mane\n|-damage|p1a: Flutter Mane|19\/100\n|move|p1a: Flutter Mane|Dazzling Gleam|p2b: Dragonite|[spread] p2a,p2b\n|-supereffective|p2a: Chien-Pao\n|-enditem|p2a: Chien-Pao|Focus Sash\n|-damage|p2a: Chien-Pao|1\/100\n|-damage|p2b: Dragonite|0 fnt\n|faint|p2b: Dragonite\n|move|p1b: Torkoal|Eruption|p2a: Chien-Pao\n|-supereffective|p2a: Chien-Pao\n|-damage|p2a: Chien-Pao|0 fnt\n|faint|p2a: Chien-Pao\n|\n|win|snoozevgc\n|raw|snoozevgc's rating: 1529 → 1551<\/strong> (+22 for winning)\n|raw|EverCoop's rating: 1568 → 1546<\/strong> (-22 for losing)\n|l|\u2606EverCoop\n","uploadtime":1682655574,"views":9,"p1id":"snoozevgc","p2id":"evercoop","formatid":"gen9vgc2023regulationc","rating":1546,"private":0,"password":""}