{"id":"gen9vgc2023regulationc-1862263117","p1":"They34","p2":"lillalt","format":"[Gen 9] VGC 2023 Regulation C","log":"|j|\u2606They34\n|j|\u203dlillalt\n|t:|1683856748\n|gametype|doubles\n|player|p1|They34|ruinmaniac|1409\n|player|p2|lillalt|ethan|1355\n|teamsize|p1|6\n|teamsize|p2|6\n|gen|9\n|tier|[Gen 9] VGC 2023 Regulation C\n|rated|\n|rule|Species Clause: Limit one of each Pok\u00e9mon\n|rule|Item Clause: Limit one of each item\n|clearpoke\n|poke|p1|Iron Bundle, L50|\n|poke|p1|Dragonite, L50, F|\n|poke|p1|Bronzong, L50|\n|poke|p1|Flutter Mane, L50|\n|poke|p1|Amoonguss, L50, F|\n|poke|p1|Ting-Lu, L50|\n|poke|p2|Lurantis, L50, M|\n|poke|p2|Farigiraf, L50, F|\n|poke|p2|Palafin, L50, F|\n|poke|p2|Amoonguss, L50, M|\n|poke|p2|Iron Hands, L50|\n|poke|p2|Ceruledge, L50, M|\n|teampreview|4\n|inactive|Battle timer is ON: inactive players will automatically lose when time's up. (requested by They34)\n|\n|t:|1683856805\n|start\n|switch|p1a: Dragonite|Dragonite, L50, F|100\/100\n|switch|p1b: Ting-Lu|Ting-Lu, L50|100\/100\n|switch|p2a: Farigiraf|Farigiraf, L50, F|100\/100\n|switch|p2b: Ceruledge|Ceruledge, L50, M|100\/100\n|-ability|p1b: Ting-Lu|Vessel of Ruin\n|turn|1\n|\n|t:|1683856823\n|-terastallize|p1a: Dragonite|Flying\n|-terastallize|p2b: Ceruledge|Grass\n|move|p1a: Dragonite|Tera Blast|p2a: Farigiraf\n|-damage|p2a: Farigiraf|37\/100\n|move|p2b: Ceruledge|Will-O-Wisp|p1a: Dragonite\n|-status|p1a: Dragonite|brn\n|-enditem|p1a: Dragonite|Lum Berry|[eat]\n|-curestatus|p1a: Dragonite|brn|[msg]\n|move|p1b: Ting-Lu|Throat Chop|p2a: Farigiraf\n|-supereffective|p2a: Farigiraf\n|-damage|p2a: Farigiraf|0 fnt\n|faint|p2a: Farigiraf\n|\n|upkeep\n|\n|t:|1683856836\n|switch|p2a: Palafin|Palafin, L50, F|100\/100\n|turn|2\n|\n|t:|1683856847\n|detailschange|p2a: Palafin|Palafin-Hero, L50, F\n|switch|p2a: Lurantis|Lurantis, L50, M|100\/100\n|switch|p1b: Iron Bundle|Iron Bundle, L50|100\/100\n|move|p2b: Ceruledge|Protect|p2b: Ceruledge\n|-singleturn|p2b: Ceruledge|Protect\n|move|p1a: Dragonite|Tera Blast|p2b: Ceruledge\n|-activate|p2b: Ceruledge|move: Protect\n|\n|upkeep\n|turn|3\n|inactive|They34 has 30 seconds left.\n|\n|t:|1683856874\n|move|p1b: Iron Bundle|Encore|p2b: Ceruledge\n|-start|p2b: Ceruledge|Encore\n|move|p1a: Dragonite|Tera Blast|p2a: Lurantis\n|-supereffective|p2a: Lurantis\n|-damage|p2a: Lurantis|0 fnt\n|faint|p2a: Lurantis\n|move|p2b: Ceruledge|Protect||[still]\n|-fail|p2b: Ceruledge\n|\n|upkeep\n|-message|lillalt forfeited.\n|\n|win|They34\n|raw|They34's rating: 1409 → 1426<\/strong> (+17 for winning)\n|raw|lillalt's rating: 1355 → 1338<\/strong> (-17 for losing)\n|l|\u203dlillalt\n|l|\u2606They34\n|j|\u2606They34\n|player|p1|They34|ruinmaniac\n","uploadtime":1683857311,"views":7,"p1id":"they34","p2id":"lillalt","formatid":"gen9vgc2023regulationc","rating":1338,"private":0,"password":""}