{"id":"gen9vgc2023regulationc-1851444095","p1":"Bout It 27","p2":"SorcererBadgerTG","format":"[Gen 9] VGC 2023 Regulation C","log":"|j|\u2606Bout It 27\n|j|\u2606SorcererBadgerTG\n|t:|1682445616\n|gametype|doubles\n|player|p1|Bout It 27|265|1258\n|player|p2|SorcererBadgerTG|101|1174\n|teamsize|p1|6\n|teamsize|p2|6\n|gen|9\n|tier|[Gen 9] VGC 2023 Regulation C\n|rated|\n|rule|Species Clause: Limit one of each Pok\u00e9mon\n|rule|Item Clause: Limit one of each item\n|clearpoke\n|poke|p1|Torkoal, L50, F|\n|poke|p1|Lilligant, L50, F|\n|poke|p1|Hatterene, L50, F|\n|poke|p1|Indeedee-F, L50, F|\n|poke|p1|Great Tusk, L50|\n|poke|p1|Chi-Yu, L50|\n|poke|p2|Sylveon, L50, M|\n|poke|p2|Palafin, L50, F|\n|poke|p2|Flutter Mane, L50|\n|poke|p2|Gholdengo, L50|\n|poke|p2|Slither Wing, L50|\n|poke|p2|Murkrow, L50, M|\n|teampreview|4\n|\n|t:|1682445697\n|start\n|switch|p1a: Chi-Yu|Chi-Yu, L50|100\/100\n|switch|p1b: Indeedee|Indeedee-F, L50, F|100\/100\n|switch|p2a: Murkrow|Murkrow, L50, M|100\/100\n|switch|p2b: Slither Wing|Slither Wing, L50|100\/100\n|-ability|p1a: Chi-Yu|Beads of Ruin\n|-fieldstart|move: Psychic Terrain|[from] ability: Psychic Surge|[of] p1b: Indeedee\n|turn|1\n|\n|t:|1682445716\n|-terastallize|p2b: Slither Wing|Ground\n|move|p2a: Murkrow|Tailwind|p2a: Murkrow\n|-sidestart|p2: SorcererBadgerTG|move: Tailwind\n|move|p2b: Slither Wing|Earthquake|p1b: Indeedee|[spread] p1a,p1b\n|-immune|p2a: Murkrow\n|-supereffective|p1a: Chi-Yu\n|-damage|p1a: Chi-Yu|0 fnt\n|-damage|p1b: Indeedee|31\/100\n|faint|p1a: Chi-Yu\n|move|p1b: Indeedee|Trick Room|p1b: Indeedee\n|-fieldstart|move: Trick Room|[of] p1b: Indeedee\n|\n|upkeep\n|\n|t:|1682445729\n|switch|p1a: Torkoal|Torkoal, L50, F|100\/100\n|-weather|SunnyDay|[from] ability: Drought|[of] p1a: Torkoal\n|-activate|p2b: Slither Wing|ability: Protosynthesis\n|-start|p2b: Slither Wing|protosynthesisatk\n|turn|2\n|\n|t:|1682445760\n|-terastallize|p1a: Torkoal|Fire\n|move|p1b: Indeedee|Helping Hand|p1a: Torkoal\n|-singleturn|p1a: Torkoal|Helping Hand|[of] p1b: Indeedee\n|move|p1a: Torkoal|Eruption|p2b: Slither Wing|[spread] p2a,p2b\n|-damage|p2a: Murkrow|0 fnt\n|-damage|p2b: Slither Wing|0 fnt\n|faint|p2a: Murkrow\n|faint|p2b: Slither Wing\n|-end|p2b: Slither Wing|Protosynthesis|[silent]\n|\n|-weather|SunnyDay|[upkeep]\n|upkeep\n|\n|t:|1682445769\n|switch|p2a: Palafin|Palafin, L50, F, shiny|100\/100\n|switch|p2b: Ego|Flutter Mane, L50|100\/100\n|-activate|p2b: Ego|ability: Protosynthesis\n|-start|p2b: Ego|protosynthesisspe\n|turn|3\n|\n|t:|1682445788\n|move|p2a: Palafin|Protect|p2a: Palafin\n|-singleturn|p2a: Palafin|Protect\n|move|p1b: Indeedee|Follow Me|p1b: Indeedee\n|-singleturn|p1b: Indeedee|move: Follow Me\n|move|p1a: Torkoal|Eruption|p2a: Palafin|[spread] p2b\n|-activate|p2a: Palafin|move: Protect\n|-damage|p2b: Ego|0 fnt\n|faint|p2b: Ego\n|-end|p2b: Ego|Protosynthesis|[silent]\n|\n|-weather|SunnyDay|[upkeep]\n|upkeep\n|turn|4\n|\n|t:|1682445804\n|move|p1a: Torkoal|Eruption|p2a: Palafin\n|-resisted|p2a: Palafin\n|-damage|p2a: Palafin|7\/100\n|move|p1b: Indeedee|Psychic|p2a: Palafin\n|-damage|p2a: Palafin|0 fnt\n|faint|p2a: Palafin\n|\n|win|Bout It 27\n|raw|Bout It 27's rating: 1258 → 1277<\/strong> (+19 for winning)\n|raw|SorcererBadgerTG's rating: 1174 → 1155<\/strong> (-19 for losing)\n|l|\u2606SorcererBadgerTG\n","uploadtime":1682445827,"views":4,"p1id":"boutit27","p2id":"sorcererbadgertg","formatid":"gen9vgc2023regulationc","rating":1155,"private":0,"password":""}