{"id":"gen9vgc2023regulationc-1850742476","p1":"kitsuneInk","p2":"Comett7778","format":"[Gen 9] VGC 2023 Regulation C","log":"|j|\u2606kitsuneInk\n|j|\u2606Comett7778\n|t:|1682363797\n|gametype|doubles\n|player|p1|kitsuneInk|n-masters3|\n|player|p2|Comett7778|larry|\n|teamsize|p1|6\n|teamsize|p2|6\n|gen|9\n|tier|[Gen 9] VGC 2023 Regulation C\n|rated|Tournament battle\n|rule|Species Clause: Limit one of each Pok\u00e9mon\n|rule|Item Clause: Limit one of each item\n|clearpoke\n|poke|p1|Dondozo, L50, M|\n|poke|p1|Tatsugiri, L50, F|\n|poke|p1|Annihilape, L50, F|\n|poke|p1|Flamigo, L50, M|\n|poke|p1|Armarouge, L50, M|\n|poke|p1|Indeedee-F, L50, F|\n|poke|p2|Indeedee-F, L50, F|\n|poke|p2|Armarouge, L50, M|\n|poke|p2|Iron Hands, L50|\n|poke|p2|Sylveon, L50, F|\n|poke|p2|Torkoal, L50, M|\n|poke|p2|Rabsca, L50, M|\n|teampreview|4\n|raw| Open Team Sheet for kitsuneInk<\/summary>Dondozo @ Leftovers Ability: Unaware Level: 50 Tera Type: Grass - Earthquake - Order Up - Rest - Sleep Talk Tatsugiri @ Toxic Orb Ability: Commander Level: 50 Tera Type: Dragon - Endure - Draco Meteor - Rapid Spin - Icy Wind Annihilape @ Choice Scarf Ability: Defiant Level: 50 Tera Type: Dragon - Final Gambit - Close Combat - Outrage - U-turn Flamigo @ Focus Sash Ability: Costar Level: 50 Tera Type: Flying - Detect - Close Combat - Brave Bird - Roost Armarouge @ Weakness Policy Ability: Weak Armor Level: 50 Tera Type: Psychic - Expanding Force - Armor Cannon - Aura Sphere - Flash Cannon Indeedee (Indeedee-F) (F) @ Psychic Seed Ability: Psychic Surge Level: 50 Tera Type: Fairy - Helping Hand - Heal Pulse - Draining Kiss - Follow Me <\/details><\/div> Open Team Sheet for Comett7778<\/summary>Damagie (Indeedee-F) (F) @ Terrain Extender Ability: Psychic Surge Level: 50 Shiny: Yes Tera Type: Fairy - Heal Pulse - Follow Me - Draining Kiss - Trick Room Damager (Armarouge) (M) @ Life Orb Ability: Flash Fire Level: 50 Shiny: Yes Tera Type: Psychic - Armor Cannon - Aura Sphere - Trick Room - Expanding Force Jazz Handz (Iron Hands) @ Booster Energy Ability: Quark Drive Level: 50 Shiny: Yes Tera Type: Fighting - Close Combat - Heavy Slam - Wild Charge - Play Rough P!NK (Sylveon) (F) @ Throat Spray Ability: Pixilate Level: 50 Shiny: Yes Tera Type: Ground - Hyper Voice - Protect - Tera Blast - Shadow Ball Boom Bang (Torkoal) (M) @ Choice Specs Ability: Drought Level: 50 Shiny: Yes Tera Type: Fire - Eruption - Earth Power - Sludge Bomb - Solar Beam Really sorry (Rabsca) (M) @ Leppa Berry Ability: Synchronize Level: 50 Shiny: Yes Tera Type: Water - Struggle Bug - Recover - Trick Room - Revival Blessing <\/details><\/div>\n|inactive|Battle timer is ON: inactive players will automatically lose when time's up. (requested by Comett7778)\n|\n|t:|1682363812\n|start\n|switch|p1a: Annihilape|Annihilape, L50, F|100\/100\n|switch|p1b: Tatsugiri|Tatsugiri, L50, F|100\/100\n|switch|p2a: Damagie|Indeedee-F, L50, F, shiny|100\/100\n|switch|p2b: Damager|Armarouge, L50, M, shiny|100\/100\n|-fieldstart|move: Psychic Terrain|[from] ability: Psychic Surge|[of] p2a: Damagie\n|turn|1\n|\n|t:|1682363821\n|move|p1b: Tatsugiri|Endure|p1b: Tatsugiri\n|-singleturn|p1b: Tatsugiri|move: Endure\n|move|p2a: Damagie|Follow Me|p2a: Damagie\n|-singleturn|p2a: Damagie|move: Follow Me\n|move|p1a: Annihilape|Final Gambit|p2a: Damagie\n|-damage|p2a: Damagie|0 fnt\n|faint|p1a: Annihilape\n|faint|p2a: Damagie\n|move|p2b: Damager|Trick Room|p2b: Damager\n|-fieldstart|move: Trick Room|[of] p2b: Damager\n|\n|-status|p1b: Tatsugiri|tox|[from] item: Toxic Orb\n|upkeep\n|\n|t:|1682363835\n|switch|p2a: Boom Bang|Torkoal, L50, M, shiny|100\/100\n|switch|p1a: Dondozo|Dondozo, L50, M|100\/100\n|-activate|p1b: Tatsugiri|ability: Commander|[of] p1a: Dondozo\n|-boost|p1a: Dondozo|atk|2\n|-boost|p1a: Dondozo|spa|2\n|-boost|p1a: Dondozo|spe|2\n|-boost|p1a: Dondozo|def|2\n|-boost|p1a: Dondozo|spd|2\n|-weather|SunnyDay|[from] ability: Drought|[of] p2a: Boom Bang\n|turn|2\n|\n|t:|1682363850\n|-terastallize|p2b: Damager|Psychic\n|move|p2a: Boom Bang|Solar Beam||[still]\n|-prepare|p2a: Boom Bang|Solar Beam\n|-anim|p2a: Boom Bang|Solar Beam|p1a: Dondozo\n|-supereffective|p1a: Dondozo\n|-damage|p1a: Dondozo|47\/100\n|move|p2b: Damager|Expanding Force|p1b: Tatsugiri|[spread] p1a\n|-miss|p2b: Damager|p1b: Tatsugiri\n|-damage|p1a: Dondozo|0 fnt\n|faint|p1a: Dondozo\n|-damage|p2b: Damager|91\/100|[from] item: Life Orb\n|\n|-weather|SunnyDay|[upkeep]\n|-damage|p1b: Tatsugiri|95\/100 tox|[from] psn\n|upkeep\n|\n|t:|1682363854\n|switch|p1a: Flamigo|Flamigo, L50, M|100\/100\n|-copyboost|p1a: Flamigo|p1b: Tatsugiri|[from] ability: Costar\n|turn|3\n|j| ROBERT5239423942\n|\n|t:|1682363864\n|-terastallize|p1a: Flamigo|Flying\n|move|p2a: Boom Bang|Solar Beam||[still]\n|-prepare|p2a: Boom Bang|Solar Beam\n|-anim|p2a: Boom Bang|Solar Beam|p1b: Tatsugiri\n|-damage|p1b: Tatsugiri|26\/100 tox\n|move|p2b: Damager|Expanding Force|p1b: Tatsugiri|[spread] p1a,p1b\n|-enditem|p1a: Flamigo|Focus Sash\n|-damage|p1a: Flamigo|1\/100\n|-damage|p1b: Tatsugiri|0 fnt\n|faint|p1b: Tatsugiri\n|-damage|p2b: Damager|81\/100|[from] item: Life Orb\n|move|p1a: Flamigo|Brave Bird|p2b: Damager\n|-damage|p2b: Damager|14\/100\n|-damage|p1a: Flamigo|0 fnt|[from] Recoil\n|faint|p1a: Flamigo\n|\n|win|Comett7778\n|n|\u2606kitsuneInk|kitsuneink\n|n|\u2606Comett7778|comett7778\n|n| ROBERT5239423942|robert5239423942\n|l|\u2606kitsuneInk\n","uploadtime":1682363875,"views":16,"p1id":"kitsuneink","p2id":"comett7778","formatid":"gen9vgc2023regulationc","rating":0,"private":0,"password":""}