{"id":"gen9vgc2023regulationc-1849517547","p1":"Richardvgc2020","p2":"Verdas1128","format":"[Gen 9] VGC 2023 Regulation C","log":"|j|\u2606Richardvgc2020\n|j|\u2606Verdas1128\n|t:|1682207959\n|gametype|doubles\n|player|p1|Richardvgc2020|265|1200\n|player|p2|Verdas1128|caitlin|1195\n|teamsize|p1|6\n|teamsize|p2|6\n|gen|9\n|tier|[Gen 9] VGC 2023 Regulation C\n|rated|\n|rule|Species Clause: Limit one of each Pok\u00e9mon\n|rule|Item Clause: Limit one of each item\n|clearpoke\n|poke|p1|Flutter Mane, L50|\n|poke|p1|Gholdengo, L50|\n|poke|p1|Kilowattrel, L50, M|\n|poke|p1|Orthworm, L50, M|\n|poke|p1|Garchomp, L50, F|\n|poke|p1|Iron Moth, L50|\n|poke|p2|Dragapult, L50, M|\n|poke|p2|Coalossal, L50, M|\n|poke|p2|Farigiraf, L50, M|\n|poke|p2|Palafin, L50, F|\n|poke|p2|Amoonguss, L50, M|\n|poke|p2|Gholdengo, L50|\n|teampreview|4\n|\n|t:|1682207981\n|start\n|switch|p1a: Kilowattrel|Kilowattrel, L50, M|100\/100\n|switch|p1b: Iron Moth|Iron Moth, L50|100\/100\n|switch|p2a: Palafin|Palafin, L50, F|100\/100\n|switch|p2b: Coalossal|Coalossal, L50, M|100\/100\n|turn|1\n|\n|t:|1682208000\n|-terastallize|p2b: Coalossal|Rock\n|move|p2a: Palafin|Jet Punch|p2b: Coalossal\n|-supereffective|p2b: Coalossal\n|-damage|p2b: Coalossal|49\/100\n|-ability|p2b: Coalossal|Steam Engine|boost\n|-boost|p2b: Coalossal|spe|6\n|-enditem|p2b: Coalossal|Weakness Policy\n|-boost|p2b: Coalossal|atk|2|[from] item: Weakness Policy\n|-boost|p2b: Coalossal|spa|2|[from] item: Weakness Policy\n|move|p2b: Coalossal|Rock Slide|p1a: Kilowattrel|[spread] p1a,p1b\n|-supereffective|p1a: Kilowattrel\n|-supereffective|p1b: Iron Moth\n|-enditem|p1a: Kilowattrel|Focus Sash\n|-damage|p1a: Kilowattrel|1\/100\n|-damage|p1b: Iron Moth|0 fnt\n|faint|p1b: Iron Moth\n|-end|p1b: Iron Moth|Quark Drive|[silent]\n|cant|p1a: Kilowattrel|flinch\n|\n|upkeep\n|\n|t:|1682208021\n|switch|p1b: Flutter Mane|Flutter Mane, L50|100\/100\n|-enditem|p1b: Flutter Mane|Booster Energy\n|-activate|p1b: Flutter Mane|ability: Protosynthesis|[fromitem]\n|-start|p1b: Flutter Mane|protosynthesisspe\n|turn|2\n|\n|t:|1682208039\n|move|p2a: Palafin|Jet Punch|p1a: Kilowattrel\n|-damage|p1a: Kilowattrel|0 fnt\n|faint|p1a: Kilowattrel\n|move|p2b: Coalossal|Flare Blitz|p1b: Flutter Mane\n|-damage|p1b: Flutter Mane|0 fnt\n|faint|p1b: Flutter Mane\n|-end|p1b: Flutter Mane|Protosynthesis|[silent]\n|-damage|p2b: Coalossal|20\/100|[from] Recoil\n|\n|upkeep\n|\n|t:|1682208058\n|switch|p1b: Garchomp|Garchomp, L50, F|100\/100\n|turn|3\n|\n|t:|1682208063\n|detailschange|p2a: Palafin|Palafin-Hero, L50, F\n|switch|p2a: Gholdengo|Gholdengo, L50|100\/100\n|-terastallize|p1b: Garchomp|Ground\n|move|p2b: Coalossal|Explosion|p1b: Garchomp|[spread] p1b\n|-immune|p2a: Gholdengo\n|-damage|p1b: Garchomp|15\/100\n|faint|p2b: Coalossal\n|move|p1b: Garchomp|Earthquake|p2a: Gholdengo\n|-supereffective|p2a: Gholdengo\n|-damage|p2a: Gholdengo|0 fnt\n|faint|p2a: Gholdengo\n|-damage|p1b: Garchomp|5\/100|[from] item: Life Orb\n|\n|upkeep\n|\n|t:|1682208072\n|switch|p2a: Palafin|Palafin-Hero, L50, F|100\/100\n|switch|p2b: Amoonguss|Amoonguss, L50, M|100\/100\n|-activate|p2a: Palafin|ability: Zero to Hero\n|turn|4\n|\n|t:|1682208089\n|move|p2a: Palafin|Jet Punch|p1b: Garchomp\n|-supereffective|p1b: Garchomp\n|-damage|p1b: Garchomp|0 fnt\n|-damage|p2a: Palafin|88\/100|[from] ability: Rough Skin|[of] p1b: Garchomp\n|faint|p1b: Garchomp\n|\n|win|Verdas1128\n|raw|Richardvgc2020's rating: 1200 → 1175<\/strong> (-25 for losing)\n|raw|Verdas1128's rating: 1195 → 1220<\/strong> (+25 for winning)\n","uploadtime":1682208093,"views":2,"p1id":"richardvgc2020","p2id":"verdas1128","formatid":"gen9vgc2023regulationc","rating":1175,"private":0,"password":""}