{"id":"gen9vgc2023regulationc-1846610643","p1":"Pyte 17","p2":"hancec","format":"[Gen 9] VGC 2023 Regulation C","log":"|j|\u2606Pyte 17\n|j|\u2606hancec\n|t:|1681857022\n|gametype|doubles\n|player|p1|Pyte 17|170|1454\n|player|p2|hancec|gentleman-gen4dp|1382\n|teamsize|p1|6\n|teamsize|p2|6\n|gen|9\n|tier|[Gen 9] VGC 2023 Regulation C\n|rated|\n|rule|Species Clause: Limit one of each Pok\u00e9mon\n|rule|Item Clause: Limit one of each item\n|clearpoke\n|poke|p1|Talonflame, L50, M|\n|poke|p1|Corviknight, L50, F|\n|poke|p1|Azumarill, L50, F|\n|poke|p1|Iron Hands, L50|\n|poke|p1|Scream Tail, L50|\n|poke|p1|Amoonguss, L50, F|\n|poke|p2|Murkrow, L50, M|\n|poke|p2|Iron Bundle, L50|\n|poke|p2|Chi-Yu, L50|\n|poke|p2|Gholdengo, L50|\n|poke|p2|Great Tusk, L50|\n|poke|p2|Brute Bonnet, L50|\n|teampreview|4\nhancec has agreed to open team sheets.\n|inactive|Battle timer is ON: inactive players will automatically lose when time's up. (requested by Pyte 17)\n|\n|t:|1681857061\n|start\n|switch|p1a: Talonflame|Talonflame, L50, M|100\/100\n|switch|p1b: Corviknight|Corviknight, L50, F|100\/100\n|switch|p2a: Matsuemon|Murkrow, L50, M, shiny|100\/100\n|switch|p2b: Zenitsu|Gholdengo, L50|100\/100\n|turn|1\n|\n|t:|1681857073\n|move|p2a: Matsuemon|Tailwind|p2a: Matsuemon\n|-sidestart|p2: hancec|move: Tailwind\n|move|p2b: Zenitsu|Thunderbolt|p1b: Corviknight\n|-supereffective|p1b: Corviknight\n|-damage|p1b: Corviknight|0 fnt\n|faint|p1b: Corviknight\n|move|p1a: Talonflame|Flare Blitz|p2b: Zenitsu\n|-supereffective|p2b: Zenitsu\n|-damage|p2b: Zenitsu|16\/100\n|-damage|p1a: Talonflame|75\/100|[from] Recoil\n|\n|upkeep\n|\n|t:|1681857086\n|switch|p1b: Azumarill|Azumarill, L50, F|100\/100\n|turn|2\n|\n|t:|1681857099\n|switch|p2b: Enmu|Brute Bonnet, L50|100\/100\n|move|p1b: Azumarill|Aqua Jet|p2b: Enmu\n|-resisted|p2b: Enmu\n|-damage|p2b: Enmu|89\/100\n|move|p2a: Matsuemon|Brave Bird|p1a: Talonflame\n|-damage|p1a: Talonflame|16\/100\n|-damage|p2a: Matsuemon|74\/100|[from] Recoil\n|move|p1a: Talonflame|Tailwind|p1a: Talonflame\n|-sidestart|p1: Pyte 17|move: Tailwind\n|\n|upkeep\n|turn|3\n|inactive|Pyte 17 has 30 seconds left.\n|inactive|hancec has 30 seconds left.\n|inactive|Pyte 17 has 20 seconds left.\n|inactive|hancec has 20 seconds left.\n|\n|t:|1681857137\n|-terastallize|p2b: Enmu|Poison\n|move|p1a: Talonflame|Flare Blitz|p2b: Enmu\n|-damage|p2b: Enmu|56\/100\n|-damage|p1a: Talonflame|5\/100|[from] Recoil\n|move|p2a: Matsuemon|Brave Bird|p1a: Talonflame\n|-damage|p1a: Talonflame|0 fnt\n|faint|p1a: Talonflame\n|-damage|p2a: Matsuemon|72\/100|[from] Recoil\n|move|p2b: Enmu|Bullet Seed|p1b: Azumarill\n|-supereffective|p1b: Azumarill\n|-damage|p1b: Azumarill|72\/100\n|-supereffective|p1b: Azumarill\n|-damage|p1b: Azumarill|44\/100\n|-supereffective|p1b: Azumarill\n|-damage|p1b: Azumarill|14\/100\n|-supereffective|p1b: Azumarill\n|-damage|p1b: Azumarill|0 fnt\n|faint|p1b: Azumarill\n|-hitcount|p1: Azumarill|4\n|\n|upkeep\n|\n|t:|1681857153\n|switch|p1b: Scream Tail|Scream Tail, L50|100\/100\n|-enditem|p1b: Scream Tail|Booster Energy\n|-activate|p1b: Scream Tail|ability: Protosynthesis|[fromitem]\n|-start|p1b: Scream Tail|protosynthesisspe\n|turn|4\n|-message|Pyte 17 forfeited.\n|\n|win|hancec\n|raw|Pyte 17's rating: 1454 → 1430<\/strong> (-24 for losing)\n|raw|hancec's rating: 1382 → 1406<\/strong> (+24 for winning)\n|l|\u2606Pyte 17\n","uploadtime":1681857163,"views":16,"p1id":"pyte17","p2id":"hancec","formatid":"gen9vgc2023regulationc","rating":1406,"private":0,"password":""}