{"id":"gen9vgc2023regulationc-1850590544","p1":"Hadrian1917","p2":"tri again","format":"[Gen 9] VGC 2023 Regulation C","log":"|j|\u2606Hadrian1917\n|j|\u2606tri again\n|t:|1682351199\n|gametype|doubles\n|player|p1|Hadrian1917|brock|1185\n|player|p2|tri again|169|1087\n|teamsize|p1|6\n|teamsize|p2|6\n|gen|9\n|tier|[Gen 9] VGC 2023 Regulation C\n|rated|\n|rule|Species Clause: Limit one of each Pok\u00e9mon\n|rule|Item Clause: Limit one of each item\n|clearpoke\n|poke|p1|Flutter Mane, L50|\n|poke|p1|Arcanine, L50, M|\n|poke|p1|Baxcalibur, L50, M|\n|poke|p1|Ting-Lu, L50|\n|poke|p1|Gyarados, L50, F|\n|poke|p1|Amoonguss, L50, F|\n|poke|p2|Indeedee, L50, M|\n|poke|p2|Armarouge, L50, M|\n|poke|p2|Tyranitar, L50, M|\n|poke|p2|Breloom, L50, F|\n|poke|p2|Ting-Lu, L50|\n|poke|p2|Cetitan, L50, F|\n|teampreview|4\n|\n|t:|1682351263\n|start\n|switch|p1a: Ting-Lu|Ting-Lu, L50|100\/100\n|switch|p1b: Amoonguss|Amoonguss, L50, F|100\/100\n|switch|p2a: Indeedee|Indeedee, L50, M|100\/100\n|switch|p2b: Armarouge|Armarouge, L50, M|100\/100\n|-fieldstart|move: Psychic Terrain|[from] ability: Psychic Surge|[of] p2a: Indeedee\n|-enditem|p2a: Indeedee|Psychic Seed\n|-boost|p2a: Indeedee|spd|1|[from] item: Psychic Seed\n|-ability|p1a: Ting-Lu|Vessel of Ruin\n|turn|1\n|inactive|Battle timer is ON: inactive players will automatically lose when time's up. (requested by Hadrian1917)\n|\n|t:|1682351286\n|move|p1a: Ting-Lu|Fissure|p2b: Armarouge|[miss]\n|-miss|p1a: Ting-Lu|p2b: Armarouge\n|move|p1b: Amoonguss|Spore|p2a: Indeedee\n|-status|p2a: Indeedee|slp|[from] move: Spore\n|cant|p2a: Indeedee|slp\n|move|p2b: Armarouge|Trick Room|p2b: Armarouge\n|-fieldstart|move: Trick Room|[of] p2b: Armarouge\n|\n|upkeep\n|turn|2\n|inactive|tri again has 30 seconds left.\n|\n|t:|1682351314\n|switch|p2a: Cetitan|Cetitan, L50, F|100\/100\n|move|p1b: Amoonguss|Protect|p1b: Amoonguss\n|-singleturn|p1b: Amoonguss|Protect\n|move|p2b: Armarouge|Expanding Force|p1a: Ting-Lu|[spread] \n|-activate|p1b: Amoonguss|move: Protect\n|-immune|p1a: Ting-Lu\n|move|p1a: Ting-Lu|Stomping Tantrum|p2b: Armarouge\n|-supereffective|p2b: Armarouge\n|-damage|p2b: Armarouge|0 fnt\n|faint|p2b: Armarouge\n|\n|upkeep\n|\n|t:|1682351326\n|switch|p2b: Tyranitar|Tyranitar, L50, M|100\/100\n|-weather|Sandstorm|[from] ability: Sand Stream|[of] p2b: Tyranitar\n|turn|3\n|\n|t:|1682351338\n|switch|p1a: Arcanine|Arcanine, L50, M|100\/100\n|-ability|p1a: Arcanine|Intimidate|boost\n|-unboost|p2a: Cetitan|atk|1\n|-unboost|p2b: Tyranitar|atk|1\n|move|p1b: Amoonguss|Spore|p2a: Cetitan\n|-status|p2a: Cetitan|slp|[from] move: Spore\n|move|p2b: Tyranitar|Curse|p2b: Tyranitar\n|-unboost|p2b: Tyranitar|spe|1\n|-boost|p2b: Tyranitar|atk|1\n|-boost|p2b: Tyranitar|def|1\n|cant|p2a: Cetitan|slp\n|\n|-weather|Sandstorm|[upkeep]\n|-damage|p1b: Amoonguss|95\/100|[from] Sandstorm\n|-damage|p2a: Cetitan|94\/100 slp|[from] Sandstorm\n|upkeep\n|turn|4\n|-message|tri again forfeited.\n|\n|win|Hadrian1917\n|raw|Hadrian1917's rating: 1185 → 1203<\/strong> (+18 for winning)\n|raw|tri again's rating: 1087 → 1070<\/strong> (-17 for losing)\n|l|\u2606tri again\n","uploadtime":1682351373,"views":18,"p1id":"hadrian1917","p2id":"triagain","formatid":"gen9vgc2023regulationc","rating":1070,"private":0,"password":""}