{"id":"gen9vgc2023regulationc-1856616182","p1":"CoDameron","p2":"Cai-Fi Games","format":"[Gen 9] VGC 2023 Regulation C","log":"|j|\u2606CoDameron\n|j|\u2606Cai-Fi Games\n|t:|1683082955\n|gametype|doubles\n|player|p1|CoDameron|1|1166\n|player|p2|Cai-Fi Games|266|1091\n|teamsize|p1|6\n|teamsize|p2|6\n|gen|9\n|tier|[Gen 9] VGC 2023 Regulation C\n|rated|\n|rule|Species Clause: Limit one of each Pok\u00e9mon\n|rule|Item Clause: Limit one of each item\n|clearpoke\n|poke|p1|Iron Moth, L50|\n|poke|p1|Gothorita, L50, F|\n|poke|p1|Salamence, L50, M|\n|poke|p1|Cloyster, L50, F|\n|poke|p1|Greedent, L50, F|\n|poke|p1|Scizor, L50, M|\n|poke|p2|Mabosstiff, L50, F|\n|poke|p2|Lycanroc-Midnight, L50, F|\n|poke|p2|Copperajah, L50, F|\n|poke|p2|Iron Jugulis, L50|\n|poke|p2|Torkoal, L50, M|\n|poke|p2|Brambleghast, L50, M|\n|teampreview|4\n|\n|t:|1683082992\n|start\n|switch|p1a: Gothorita|Gothorita, L50, F|100\/100\n|switch|p1b: Giancarlo|Greedent, L50, F|100\/100\n|switch|p2a: Mabosstiff|Mabosstiff, L50, F, shiny|100\/100\n|switch|p2b: Iron Jugulis|Iron Jugulis, L50, shiny|100\/100\n|-ability|p2a: Mabosstiff|Intimidate|boost\n|-unboost|p1a: Gothorita|atk|1\n|-unboost|p1b: Giancarlo|atk|1\n|-enditem|p2b: Iron Jugulis|Booster Energy\n|-activate|p2b: Iron Jugulis|ability: Quark Drive|[fromitem]\n|-start|p2b: Iron Jugulis|quarkdrivespe\n|turn|1\n|\n|t:|1683083061\n|-terastallize|p1a: Gothorita|Dark\n|move|p2b: Iron Jugulis|Dark Pulse|p1a: Gothorita\n|-resisted|p1a: Gothorita\n|-damage|p1a: Gothorita|85\/100\n|move|p2a: Mabosstiff|Payback|p1a: Gothorita\n|-resisted|p1a: Gothorita\n|-damage|p1a: Gothorita|76\/100\n|move|p1b: Giancarlo|Stuff Cheeks|p1b: Giancarlo\n|-boost|p1b: Giancarlo|def|2\n|-enditem|p1b: Giancarlo|Liechi Berry|[eat]\n|-boost|p1b: Giancarlo|atk|1|[from] item: Liechi Berry\n|move|p1a: Gothorita|Trick Room|p1a: Gothorita\n|-fieldstart|move: Trick Room|[of] p1a: Gothorita\n|\n|upkeep\n|turn|2\n|\n|t:|1683083089\n|move|p1a: Gothorita|Helping Hand|p1b: Giancarlo\n|-singleturn|p1b: Giancarlo|Helping Hand|[of] p1a: Gothorita\n|move|p1b: Giancarlo|Body Press|p2b: Iron Jugulis\n|-damage|p2b: Iron Jugulis|19\/100\n|move|p2a: Mabosstiff|Comeuppance||[still]\n|-fail|p2a: Mabosstiff\n|move|p2b: Iron Jugulis|Air Slash|p1a: Gothorita\n|-damage|p1a: Gothorita|47\/100\n|\n|upkeep\n|turn|3\n|\n|t:|1683083101\n|move|p1b: Giancarlo|Body Press|p2b: Iron Jugulis\n|-damage|p2b: Iron Jugulis|0 fnt\n|faint|p2b: Iron Jugulis\n|-end|p2b: Iron Jugulis|Quark Drive|[silent]\n|move|p1a: Gothorita|Thunder Wave|p2a: Mabosstiff\n|-status|p2a: Mabosstiff|par\n|move|p2a: Mabosstiff|Comeuppance||[still]\n|-fail|p2a: Mabosstiff\n|\n|upkeep\n|-message|Cai-Fi Games forfeited.\n|\n|win|CoDameron\n|raw|CoDameron's rating: 1166 → 1186<\/strong> (+20 for winning)\n|raw|Cai-Fi Games's rating: 1091 → 1072<\/strong> (-19 for losing)\n|l|\u2606Cai-Fi Games\n","uploadtime":1683083119,"views":6,"p1id":"codameron","p2id":"caifigames","formatid":"gen9vgc2023regulationc","rating":1072,"private":0,"password":""}