{"id":"gen9vgc2023regulationc-1863001470","p1":"Boony Lim","p2":"JolteadeVGC","format":"[Gen 9] VGC 2023 Regulation C","log":"|j|\u2606Boony Lim\n|j|\u2606JolteadeVGC\n|t:|1683950346\n|gametype|doubles\n|player|p1|Boony Lim|170|1169\n|player|p2|JolteadeVGC|101|1170\n|teamsize|p1|6\n|teamsize|p2|6\n|gen|9\n|tier|[Gen 9] VGC 2023 Regulation C\n|rated|\n|rule|Species Clause: Limit one of each Pok\u00e9mon\n|rule|Item Clause: Limit one of each item\n|clearpoke\n|poke|p1|Pelipper, L50, M|\n|poke|p1|Dondozo, L50, M|\n|poke|p1|Tatsugiri, L50, M|\n|poke|p1|Drednaw, L50, M|\n|poke|p1|Iron Hands, L50|\n|poke|p1|Amoonguss, L50, M|\n|poke|p2|Flutter Mane, L50|\n|poke|p2|Chi-Yu, L50|\n|poke|p2|Palafin, L50, M|\n|poke|p2|Arcanine, L50, F|\n|poke|p2|Amoonguss, L50, F|\n|poke|p2|Chien-Pao, L50|\n|teampreview|4\n|\n|t:|1683950390\n|start\n|switch|p1a: Pelipper|Pelipper, L50, M|100\/100\n|switch|p1b: Drednaw|Drednaw, L50, M|100\/100\n|switch|p2a: Flutter Mane|Flutter Mane, L50|100\/100\n|switch|p2b: Palafin|Palafin, L50, M|100\/100\n|-weather|RainDance|[from] ability: Drizzle|[of] p1a: Pelipper\n|-enditem|p2a: Flutter Mane|Booster Energy\n|-activate|p2a: Flutter Mane|ability: Protosynthesis|[fromitem]\n|-start|p2a: Flutter Mane|protosynthesisspe\n|turn|1\n|\n|t:|1683950435\n|detailschange|p2b: Palafin|Palafin-Hero, L50, M\n|switch|p2b: Amoonguss|Amoonguss, L50, F|100\/100\n|-terastallize|p1b: Drednaw|Grass\n|move|p2a: Flutter Mane|Moonblast|p1a: Pelipper\n|-damage|p1a: Pelipper|32\/100\n|-unboost|p1a: Pelipper|spa|1\n|move|p1b: Drednaw|Earthquake|p2b: Amoonguss|[spread] p2a,p2b\n|-immune|p1a: Pelipper\n|-damage|p2a: Flutter Mane|18\/100\n|-damage|p2b: Amoonguss|66\/100\n|move|p1a: Pelipper|Tailwind|p1a: Pelipper\n|-sidestart|p1: Boony Lim|move: Tailwind\n|\n|-weather|RainDance|[upkeep]\n|upkeep\n|turn|2\n|\n|t:|1683950460\n|move|p1b: Drednaw|Earthquake|p2a: Flutter Mane|[spread] p2a,p2b\n|-immune|p1a: Pelipper\n|-damage|p2a: Flutter Mane|0 fnt\n|-damage|p2b: Amoonguss|32\/100\n|-enditem|p2b: Amoonguss|Sitrus Berry|[eat]\n|-heal|p2b: Amoonguss|57\/100|[from] item: Sitrus Berry\n|faint|p2a: Flutter Mane\n|-end|p2a: Flutter Mane|Protosynthesis|[silent]\n|move|p1a: Pelipper|Hurricane|p2b: Amoonguss\n|-supereffective|p2b: Amoonguss\n|-damage|p2b: Amoonguss|2\/100\n|move|p2b: Amoonguss|Pollen Puff|p1b: Drednaw\n|-supereffective|p1b: Drednaw\n|-damage|p1b: Drednaw|46\/100\n|\n|-weather|RainDance|[upkeep]\n|upkeep\n|\n|t:|1683950466\n|switch|p2a: Chien-Pao|Chien-Pao, L50|100\/100\n|-ability|p2a: Chien-Pao|Sword of Ruin\n|turn|3\n|\n|t:|1683950489\n|move|p2b: Amoonguss|Protect|p2b: Amoonguss\n|-singleturn|p2b: Amoonguss|Protect\n|move|p2a: Chien-Pao|Sucker Punch|p1b: Drednaw\n|-damage|p1b: Drednaw|0 fnt\n|faint|p1b: Drednaw\n|-damage|p2a: Chien-Pao|91\/100|[from] item: Life Orb\n|move|p1a: Pelipper|Hydro Pump|p2a: Chien-Pao\n|-damage|p2a: Chien-Pao|2\/100\n|\n|-weather|RainDance|[upkeep]\n|upkeep\n|\n|t:|1683950501\n|switch|p1b: Dondozo|Dondozo, L50, M|100\/100\n|turn|4\n|\n|t:|1683950515\n|switch|p1a: Tatsugiri|Tatsugiri, L50, M|100\/100\n|-activate|p1a: Tatsugiri|ability: Commander|[of] p1b: Dondozo\n|-boost|p1b: Dondozo|atk|2\n|-boost|p1b: Dondozo|spa|2\n|-boost|p1b: Dondozo|spe|2\n|-boost|p1b: Dondozo|def|2\n|-boost|p1b: Dondozo|spd|2\n|move|p2a: Chien-Pao|Sucker Punch||[still]\n|-fail|p2a: Chien-Pao\n|move|p1b: Dondozo|Surf|p2b: Amoonguss|[spread] p2a,p2b\n|-miss|p1b: Dondozo|p1a: Tatsugiri\n|-resisted|p2b: Amoonguss\n|-damage|p2a: Chien-Pao|0 fnt\n|-damage|p2b: Amoonguss|0 fnt\n|faint|p2a: Chien-Pao\n|faint|p2b: Amoonguss\n|-damage|p1b: Dondozo|91\/100|[from] item: Life Orb\n|\n|-weather|RainDance|[upkeep]\n|-sideend|p1: Boony Lim|move: Tailwind\n|upkeep\n|-message|JolteadeVGC forfeited.\n|\n|win|Boony Lim\n|raw|Boony Lim's rating: 1169 → 1194<\/strong> (+25 for winning)\n|raw|JolteadeVGC's rating: 1170 → 1145<\/strong> (-25 for losing)\n|l|\u2606JolteadeVGC\n|c|\u2606Boony Lim|gg\n","uploadtime":1683950620,"views":15,"p1id":"boonylim","p2id":"jolteadevgc","formatid":"gen9vgc2023regulationc","rating":1145,"private":0,"password":""}