{"id":"gen9vgc2023regulationc-1856069116","p1":"snejenewjnjejjeej","p2":"haha you rage quit","format":"[Gen 9] VGC 2023 Regulation C","log":"|j|\u2606snejenewjnjejjeej\n|j|\u2606haha you rage quit\n|t:|1683026121\n|gametype|doubles\n|player|p1|snejenewjnjejjeej|101|1000\n|player|p2|haha you rage quit|pokemaniac|1047\n|teamsize|p1|6\n|teamsize|p2|6\n|gen|9\n|tier|[Gen 9] VGC 2023 Regulation C\n|rated|\n|rule|Species Clause: Limit one of each Pok\u00e9mon\n|rule|Item Clause: Limit one of each item\n|clearpoke\n|poke|p1|Tinkaton, L50, F|\n|poke|p1|Talonflame, L50, F|\n|poke|p1|Rotom-Wash, L50|\n|poke|p1|Iron Valiant, L50|\n|poke|p1|Cetitan, L50, M|\n|poke|p1|Volcarona, L50, F|\n|poke|p2|Torkoal, L50, M|\n|poke|p2|Kingambit, L50, M|\n|poke|p2|Indeedee-F, L50, F|\n|poke|p2|Hatterene, L50, F|\n|poke|p2|Armarouge, L50, M|\n|poke|p2|Annihilape, L50, M|\n|teampreview|4\n|inactive|Battle timer is ON: inactive players will automatically lose when time's up. (requested by snejenewjnjejjeej)\n|\n|t:|1683026146\n|start\n|switch|p1a: Tinkaton|Tinkaton, L50, F|100\/100\n|switch|p1b: Talonflame|Talonflame, L50, F, shiny|100\/100\n|switch|p2a: Armarouge|Armarouge, L50, M|100\/100\n|switch|p2b: Indeedee|Indeedee-F, L50, F, shiny|100\/100\n|-ability|p1a: Tinkaton|Mold Breaker\n|-fieldstart|move: Psychic Terrain|[from] ability: Psychic Surge|[of] p2b: Indeedee\n|-enditem|p2b: Indeedee|Psychic Seed\n|-boost|p2b: Indeedee|spd|1|[from] item: Psychic Seed\n|turn|1\n|inactive|snejenewjnjejjeej has 30 seconds left.\n|inactive|snejenewjnjejjeej has 20 seconds left.\n|\n|t:|1683026185\n|move|p2b: Indeedee|Follow Me|p2b: Indeedee\n|-singleturn|p2b: Indeedee|move: Follow Me\n|move|p1b: Talonflame|Taunt|p2b: Indeedee\n|-start|p2b: Indeedee|move: Taunt\n|move|p1a: Tinkaton|Knock Off|p2b: Indeedee\n|-supereffective|p2b: Indeedee\n|-damage|p2b: Indeedee|71\/100\n|move|p2a: Armarouge|Trick Room|p2a: Armarouge\n|-fieldstart|move: Trick Room|[of] p2a: Armarouge\n|\n|upkeep\n|turn|2\n|\n|t:|1683026204\n|move|p2a: Armarouge|Expanding Force|p1b: Talonflame|[spread] p1a,p1b\n|-resisted|p1a: Tinkaton\n|-damage|p1a: Tinkaton|84\/100\n|-damage|p1b: Talonflame|4\/100\n|move|p2b: Indeedee|Dazzling Gleam|p1a: Tinkaton|[spread] p1a,p1b\n|-resisted|p1a: Tinkaton\n|-crit|p1a: Tinkaton\n|-resisted|p1b: Talonflame\n|-damage|p1a: Tinkaton|78\/100\n|-damage|p1b: Talonflame|0 fnt\n|faint|p1b: Talonflame\n|move|p1a: Tinkaton|Knock Off|p2a: Armarouge\n|-supereffective|p2a: Armarouge\n|-damage|p2a: Armarouge|71\/100\n|-enditem|p2a: Armarouge|Weakness Policy\n|-boost|p2a: Armarouge|atk|2|[from] item: Weakness Policy\n|-boost|p2a: Armarouge|spa|2|[from] item: Weakness Policy\n|\n|upkeep\n|\n|t:|1683026222\n|switch|p1b: Rotom|Rotom-Wash, L50|100\/100\n|turn|3\n|\n|t:|1683026237\n|-terastallize|p2a: Armarouge|Grass\n|move|p2a: Armarouge|Expanding Force|p1b: Rotom|[spread] p1a,p1b\n|-resisted|p1a: Tinkaton\n|-damage|p1a: Tinkaton|43\/100\n|-damage|p1b: Rotom|0 fnt\n|faint|p1b: Rotom\n|move|p2b: Indeedee|Dazzling Gleam|p1a: Tinkaton\n|-resisted|p1a: Tinkaton\n|-damage|p1a: Tinkaton|37\/100\n|move|p1a: Tinkaton|Play Rough|p2a: Armarouge|[miss]\n|-miss|p1a: Tinkaton|p2a: Armarouge\n|\n|upkeep\n|\n|t:|1683026245\n|switch|p1b: Iron Valiant|Iron Valiant, L50|100\/100\n|turn|4\n|\n|t:|1683026251\n|-terastallize|p1b: Iron Valiant|Fairy\n|move|p2a: Armarouge|Expanding Force|p1b: Iron Valiant|[spread] p1a,p1b\n|-resisted|p1a: Tinkaton\n|-damage|p1a: Tinkaton|2\/100\n|-damage|p1b: Iron Valiant|0 fnt\n|faint|p1b: Iron Valiant\n|-end|p1b: Iron Valiant|Quark Drive|[silent]\n|move|p2b: Indeedee|Dazzling Gleam|p1a: Tinkaton\n|-resisted|p1a: Tinkaton\n|-damage|p1a: Tinkaton|0 fnt\n|faint|p1a: Tinkaton\n|\n|win|haha you rage quit\n|raw|snejenewjnjejjeej's rating: 1000 → 1000<\/strong> (+0 for losing)\n|raw|haha you rage quit's rating: 1047 → 1076<\/strong> (+29 for winning)\n|l|\u2606snejenewjnjejjeej\n","uploadtime":1683026272,"views":6,"p1id":"snejenewjnjejjeej","p2id":"hahayouragequit","formatid":"gen9vgc2023regulationc","rating":1000,"private":0,"password":""}