{"id":"gen9vgc2023regulationc-1850826972","p1":"Hikaru_VT1","p2":"19402u","format":"[Gen 9] VGC 2023 Regulation C","log":"|j|\u2606Hikaru_VT1\n|j|\u260619402u\n|t:|1682371709\n|gametype|doubles\n|player|p1|Hikaru_VT1|169|1601\n|player|p2|19402u|101|1441\n|teamsize|p1|6\n|teamsize|p2|6\n|gen|9\n|tier|[Gen 9] VGC 2023 Regulation C\n|rated|\n|rule|Species Clause: Limit one of each Pok\u00e9mon\n|rule|Item Clause: Limit one of each item\n|clearpoke\n|poke|p1|Flutter Mane, L50|\n|poke|p1|Corviknight, L50, F|\n|poke|p1|Gastrodon-East, L50, M|\n|poke|p1|Rotom-Heat, L50|\n|poke|p1|Ting-Lu, L50|\n|poke|p1|Great Tusk, L50|\n|poke|p2|Palafin, L50, M|\n|poke|p2|Arcanine, L50, F|\n|poke|p2|Amoonguss, L50, M|\n|poke|p2|Kingambit, L50, M|\n|poke|p2|Flutter Mane, L50|\n|poke|p2|Dragonite, L50, F|\n|teampreview|4\n19402u has agreed to open team sheets.\n|inactive|Battle timer is ON: inactive players will automatically lose when time's up. (requested by Hikaru_VT1)\n|inactive|19402u has 60 seconds left.\n|inactive|Hikaru_VT1 has 60 seconds left.\n|\n|t:|1682371750\n|start\n|switch|p1a: Corviknight|Corviknight, L50, F|100\/100\n|switch|p1b: Flutter Mane|Flutter Mane, L50|100\/100\n|switch|p2a: Dragonite|Dragonite, L50, F|100\/100\n|switch|p2b: Kingambit|Kingambit, L50, M|100\/100\n|-enditem|p1b: Flutter Mane|Booster Energy\n|-activate|p1b: Flutter Mane|ability: Protosynthesis|[fromitem]\n|-start|p1b: Flutter Mane|protosynthesisspa\n|turn|1\n|inactive|19402u has 30 seconds left.\n|\n|t:|1682371777\n|-terastallize|p2a: Dragonite|Flying\n|move|p1b: Flutter Mane|Substitute|p1b: Flutter Mane\n|-start|p1b: Flutter Mane|Substitute\n|-damage|p1b: Flutter Mane|76\/100\n|move|p2a: Dragonite|Tera Blast|p1b: Flutter Mane\n|-end|p1b: Flutter Mane|Substitute\n|move|p1a: Corviknight|Tailwind|p1a: Corviknight\n|-sidestart|p1: Hikaru_VT1|move: Tailwind\n|move|p2b: Kingambit|Swords Dance|p2b: Kingambit\n|-boost|p2b: Kingambit|atk|2\n|\n|upkeep\n|turn|2\n|\n|t:|1682371796\n|move|p2b: Kingambit|Sucker Punch|p1b: Flutter Mane\n|-damage|p1b: Flutter Mane|0 fnt\n|faint|p1b: Flutter Mane\n|-end|p1b: Flutter Mane|Protosynthesis|[silent]\n|move|p1a: Corviknight|Brave Bird|p2a: Dragonite\n|-damage|p2a: Dragonite|77\/100\n|-damage|p1a: Corviknight|93\/100|[from] Recoil\n|move|p2a: Dragonite|Tera Blast|p1a: Corviknight\n|-resisted|p1a: Corviknight\n|-damage|p1a: Corviknight|64\/100\n|\n|upkeep\n|\n|t:|1682371804\n|switch|p1b: Great Tusk|Great Tusk, L50|100\/100\n|turn|3\n|\n|t:|1682371824\n|switch|p2a: Arcanine|Arcanine, L50, F|100\/100\n|-ability|p2a: Arcanine|Intimidate|boost\n|-ability|p1a: Corviknight|Mirror Armor\n|-unboost|p2a: Arcanine|atk|1\n|-unboost|p1b: Great Tusk|atk|1\n|move|p2b: Kingambit|Protect|p2b: Kingambit\n|-singleturn|p2b: Kingambit|Protect\n|move|p1b: Great Tusk|Ice Spinner|p2a: Arcanine\n|-resisted|p2a: Arcanine\n|-damage|p2a: Arcanine|92\/100\n|move|p1a: Corviknight|Iron Head|p2b: Kingambit\n|-activate|p2b: Kingambit|move: Protect\n|\n|upkeep\n|turn|4\n|-message|Hikaru_VT1 forfeited.\n|\n|win|19402u\n|raw|Hikaru_VT1's rating: 1601 → 1572<\/strong> (-29 for losing)\n|raw|19402u's rating: 1441 → 1470<\/strong> (+29 for winning)\n|l|\u2606Hikaru_VT1\n","uploadtime":1682372868,"views":11,"p1id":"hikaruvt1","p2id":"19402u","formatid":"gen9vgc2023regulationc","rating":1470,"private":0,"password":""}