{"id":"gen9vgc2023regulationc-1848566372","p1":"Pigeon3.0","p2":"Ricardo Randorez","format":"[Gen 9] VGC 2023 Regulation C","log":"|j|\u2606Pigeon3.0\n|j|\u2606Ricardo Randorez\n|t:|1682090588\n|gametype|doubles\n|player|p1|Pigeon3.0|unknown|1108\n|player|p2|Ricardo Randorez|102|1150\n|teamsize|p1|6\n|teamsize|p2|6\n|gen|9\n|tier|[Gen 9] VGC 2023 Regulation C\n|rated|\n|rule|Species Clause: Limit one of each Pok\u00e9mon\n|rule|Item Clause: Limit one of each item\n|clearpoke\n|poke|p1|Iron Moth, L50|\n|poke|p1|Flutter Mane, L50|\n|poke|p1|Grimmsnarl, L50, M|\n|poke|p1|Chi-Yu, L50|\n|poke|p1|Wo-Chien, L50|\n|poke|p1|Glimmora, L50, M|\n|poke|p2|Pachirisu, L50, M|\n|poke|p2|Gholdengo, L50|\n|poke|p2|Azumarill, L50, F|\n|poke|p2|Chien-Pao, L50|\n|poke|p2|Dragonite, L50, M|\n|poke|p2|Brute Bonnet, L50|\n|teampreview|4\nPigeon3.0 rejected open team sheets.\n|inactive|Battle timer is ON: inactive players will automatically lose when time's up. (requested by Pigeon3.0)\n|\n|t:|1682090616\n|start\n|switch|p1a: Iron Moth|Iron Moth, L50|100\/100\n|switch|p1b: Chi-Yu|Chi-Yu, L50|100\/100\n|switch|p2a: Dragonite|Dragonite, L50, M|100\/100\n|switch|p2b: Brute Bonnet|Brute Bonnet, L50|100\/100\n|-ability|p1b: Chi-Yu|Beads of Ruin\n|-enditem|p1a: Iron Moth|Booster Energy\n|-activate|p1a: Iron Moth|ability: Quark Drive|[fromitem]\n|-start|p1a: Iron Moth|quarkdrivespa\n|turn|1\n|\n|t:|1682090638\n|-terastallize|p2b: Brute Bonnet|Fire\n|move|p1a: Iron Moth|Dazzling Gleam|p2b: Brute Bonnet|[spread] p2a,p2b\n|-supereffective|p2a: Dragonite\n|-resisted|p2b: Brute Bonnet\n|-damage|p2a: Dragonite|36\/100\n|-damage|p2b: Brute Bonnet|85\/100\n|move|p1b: Chi-Yu|Ruination|p2a: Dragonite\n|-damage|p2a: Dragonite|18\/100\n|move|p2a: Dragonite|Tailwind|p2a: Dragonite\n|-sidestart|p2: Ricardo Randorez|move: Tailwind\n|move|p2b: Brute Bonnet|Spore|p1a: Iron Moth\n|-status|p1a: Iron Moth|slp|[from] move: Spore\n|\n|upkeep\n|turn|2\n|\n|t:|1682090659\n|cant|p1a: Iron Moth|slp\n|move|p2a: Dragonite|Extreme Speed|p1a: Iron Moth\n|-crit|p1a: Iron Moth\n|-damage|p1a: Iron Moth|0 fnt\n|faint|p1a: Iron Moth\n|-end|p1a: Iron Moth|Quark Drive|[silent]\n|-damage|p2a: Dragonite|8\/100|[from] item: Life Orb\n|move|p2b: Brute Bonnet|Spore|p1b: Chi-Yu\n|-status|p1b: Chi-Yu|slp|[from] move: Spore\n|cant|p1b: Chi-Yu|slp\n|\n|upkeep\n|\n|t:|1682090671\n|switch|p1a: Flutter Mane|Flutter Mane, L50|100\/100\n|turn|3\n|inactive|Pigeon3.0 has 30 seconds left.\n|-message|Pigeon3.0 forfeited.\n|\n|win|Ricardo Randorez\n|raw|Pigeon3.0's rating: 1108 → 1086<\/strong> (-22 for losing)\n|raw|Ricardo Randorez's rating: 1150 → 1172<\/strong> (+22 for winning)\n|l|\u2606Pigeon3.0\n","uploadtime":1682090703,"views":6,"p1id":"pigeon30","p2id":"ricardorandorez","formatid":"gen9vgc2023regulationc","rating":1086,"private":0,"password":""}