{"id":"gen9vgc2023regulationc-1857921278","p1":"luca8","p2":"Avaddov","format":"[Gen 9] VGC 2023 Regulation C","log":"|j|\u2606luca8\n|j|\u2606Avaddov\n|t:|1683247577\n|gametype|doubles\n|player|p1|luca8|flint|1339\n|player|p2|Avaddov|cynthia-masters|1332\n|teamsize|p1|6\n|teamsize|p2|6\n|gen|9\n|tier|[Gen 9] VGC 2023 Regulation C\n|rated|\n|rule|Species Clause: Limit one of each Pok\u00e9mon\n|rule|Item Clause: Limit one of each item\n|clearpoke\n|poke|p1|Dudunsparce-*, L50, F|\n|poke|p1|Maushold, L50|\n|poke|p1|Flamigo, L50, M|\n|poke|p1|Amoonguss, L50, F|\n|poke|p1|Indeedee-F, L50, F|\n|poke|p1|Quaquaval, L50, M|\n|poke|p2|Flutter Mane, L50|\n|poke|p2|Arcanine, L50, F|\n|poke|p2|Palafin, L50, M|\n|poke|p2|Ting-Lu, L50|\n|poke|p2|Corviknight, L50, M|\n|poke|p2|Tsareena, L50, F|\n|teampreview|4\nAvaddov has agreed to open team sheets.\n|\n|t:|1683247608\n|start\n|switch|p1a: Dudunsparce|Dudunsparce, L50, F|100\/100\n|switch|p1b: Maushold|Maushold, L50|100\/100\n|switch|p2a: Dol-Might|Palafin, L50, M|100\/100\n|switch|p2b: Misdreamus|Flutter Mane, L50|100\/100\n|turn|1\n|\n|t:|1683247638\n|-terastallize|p2a: Dol-Might|Water\n|-terastallize|p1a: Dudunsparce|Ghost\n|move|p2a: Dol-Might|Jet Punch|p1b: Maushold\n|-damage|p1b: Maushold|63\/100\n|move|p1b: Maushold|Beat Up|p1a: Dudunsparce\n|-supereffective|p1a: Dudunsparce\n|-damage|p1a: Dudunsparce|97\/100\n|-ability|p1a: Dudunsparce|Rattled|boost\n|-boost|p1a: Dudunsparce|spe|1\n|-enditem|p1a: Dudunsparce|Weakness Policy\n|-boost|p1a: Dudunsparce|atk|2|[from] item: Weakness Policy\n|-boost|p1a: Dudunsparce|spa|2|[from] item: Weakness Policy\n|-supereffective|p1a: Dudunsparce\n|-damage|p1a: Dudunsparce|94\/100\n|-ability|p1a: Dudunsparce|Rattled|boost\n|-boost|p1a: Dudunsparce|spe|1\n|-supereffective|p1a: Dudunsparce\n|-damage|p1a: Dudunsparce|90\/100\n|-ability|p1a: Dudunsparce|Rattled|boost\n|-boost|p1a: Dudunsparce|spe|1\n|-supereffective|p1a: Dudunsparce\n|-damage|p1a: Dudunsparce|87\/100\n|-ability|p1a: Dudunsparce|Rattled|boost\n|-boost|p1a: Dudunsparce|spe|1\n|-hitcount|p1a: Dudunsparce|4\n|move|p1a: Dudunsparce|Coil|p1a: Dudunsparce\n|-boost|p1a: Dudunsparce|atk|1\n|-boost|p1a: Dudunsparce|def|1\n|-boost|p1a: Dudunsparce|accuracy|1\n|move|p2b: Misdreamus|Dazzling Gleam|p1b: Maushold|[spread] p1a,p1b\n|-damage|p1a: Dudunsparce|61\/100\n|-damage|p1b: Maushold|16\/100\n|\n|upkeep\n|turn|2\n|\n|t:|1683247670\n|switch|p1b: Flamigo|Flamigo, L50, M|100\/100\n|-copyboost|p1b: Flamigo|p1a: Dudunsparce|[from] ability: Costar\n|move|p1a: Dudunsparce|Earthquake|p2b: Misdreamus|[spread] p2a,p2b\n|-immune|p1b: Flamigo\n|-damage|p2a: Dol-Might|46\/100\n|-damage|p2b: Misdreamus|20\/100\n|move|p2b: Misdreamus|Dazzling Gleam|p1a: Dudunsparce|[spread] p1a,p1b\n|-supereffective|p1b: Flamigo\n|-damage|p1a: Dudunsparce|26\/100\n|-damage|p1b: Flamigo|36\/100\n|move|p2a: Dol-Might|Haze|p2a: Dol-Might\n|-clearallboost\n|\n|upkeep\n|turn|3\n|c|\u2606Avaddov|lmfao\n|\n|t:|1683247706\n|detailschange|p2a: Dol-Might|Palafin-Hero, L50, M, tera:Water\n|switch|p2a: Doggo|Arcanine, L50, F, shiny|100\/100\n|-ability|p2a: Doggo|Intimidate|boost\n|-unboost|p1a: Dudunsparce|atk|1\n|-ability|p1a: Dudunsparce|Rattled|boost\n|-boost|p1a: Dudunsparce|spe|1\n|-unboost|p1b: Flamigo|atk|1\n|move|p2b: Misdreamus|Dazzling Gleam|p1a: Dudunsparce|[spread] p1a,p1b\n|-supereffective|p1b: Flamigo\n|-damage|p1a: Dudunsparce|0 fnt\n|-damage|p1b: Flamigo|0 fnt\n|faint|p1a: Dudunsparce\n|faint|p1b: Flamigo\n|\n|upkeep\n|-message|luca8 forfeited.\n|\n|win|Avaddov\n|raw|luca8's rating: 1339 → 1319<\/strong> (-20 for losing)\n|raw|Avaddov's rating: 1332 → 1352<\/strong> (+20 for winning)\n|l|\u2606luca8\n","uploadtime":1683247730,"views":10,"p1id":"luca8","p2id":"avaddov","formatid":"gen9vgc2023regulationc","rating":1319,"private":0,"password":""}