{"id":"gen9vgc2023regulationc-1864071612","p1":"gung hole","p2":"HeroicPKMN","format":"[Gen 9] VGC 2023 Regulation C","log":"|j|\u203dgung hole\n|j|\u2606HeroicPKMN\n|t:|1684113380\n|gametype|doubles\n|player|p1|gung hole|harlequin|1146\n|player|p2|HeroicPKMN|266|1176\n|teamsize|p1|6\n|teamsize|p2|6\n|gen|9\n|tier|[Gen 9] VGC 2023 Regulation C\n|rated|\n|rule|Species Clause: Limit one of each Pok\u00e9mon\n|rule|Item Clause: Limit one of each item\n|clearpoke\n|poke|p1|Tyranitar, L50, F|\n|poke|p1|Great Tusk, L50|\n|poke|p1|Tinkaton, L50, F|\n|poke|p1|Kilowattrel, L50, M|\n|poke|p1|Pelipper, L50, M|\n|poke|p1|Drednaw, L50, M|\n|poke|p2|Chi-Yu, L50|\n|poke|p2|Iron Bundle, L50|\n|poke|p2|Flutter Mane, L50|\n|poke|p2|Amoonguss, L50, M|\n|poke|p2|Scream Tail, L50|\n|poke|p2|Gothitelle, L50, M|\n|teampreview|4\nHeroicPKMN has agreed to open team sheets.\n|inactive|Battle timer is ON: inactive players will automatically lose when time's up. (requested by gung hole)\n|\n|t:|1684113402\n|start\n|switch|p1a: Great Tusk|Great Tusk, L50|100\/100\n|switch|p1b: Tinkaton|Tinkaton, L50, F|100\/100\n|switch|p2a: Chi-Yu|Chi-Yu, L50|100\/100\n|switch|p2b: Flutter Mane|Flutter Mane, L50|100\/100\n|-ability|p2a: Chi-Yu|Beads of Ruin\n|turn|1\n|\n|t:|1684113426\n|-terastallize|p2a: Chi-Yu|Ghost\n|move|p1b: Tinkaton|Fake Out|p2a: Chi-Yu\n|-immune|p2a: Chi-Yu\n|move|p2b: Flutter Mane|Dazzling Gleam|p1a: Great Tusk|[spread] p1a,p1b\n|-supereffective|p1a: Great Tusk\n|-resisted|p1b: Tinkaton\n|-damage|p1a: Great Tusk|0 fnt\n|-damage|p1b: Tinkaton|64\/100\n|faint|p1a: Great Tusk\n|-end|p1a: Great Tusk|Protosynthesis|[silent]\n|move|p2a: Chi-Yu|Heat Wave|p1b: Tinkaton\n|-supereffective|p1b: Tinkaton\n|-damage|p1b: Tinkaton|0 fnt\n|faint|p1b: Tinkaton\n|\n|upkeep\n|\n|t:|1684113433\n|switch|p1b: Kilowattrel|Kilowattrel, L50, M|100\/100\n|switch|p1a: Tyranitar|Tyranitar, L50, F|100\/100\n|-weather|Sandstorm|[from] ability: Sand Stream|[of] p1a: Tyranitar\n|turn|2\n|\n|t:|1684113450\n|move|p2b: Flutter Mane|Dazzling Gleam|p1b: Kilowattrel|[spread] p1a,p1b\n|-supereffective|p1a: Tyranitar\n|-damage|p1a: Tyranitar|27\/100\n|-damage|p1b: Kilowattrel|0 fnt\n|-enditem|p1a: Tyranitar|Weakness Policy\n|-boost|p1a: Tyranitar|atk|2|[from] item: Weakness Policy\n|-boost|p1a: Tyranitar|spa|2|[from] item: Weakness Policy\n|faint|p1b: Kilowattrel\n|move|p2a: Chi-Yu|Heat Wave|p1a: Tyranitar\n|-resisted|p1a: Tyranitar\n|-damage|p1a: Tyranitar|8\/100\n|move|p1a: Tyranitar|Rock Slide|p2a: Chi-Yu|[spread] p2a,p2b\n|-enditem|p2a: Chi-Yu|Focus Sash\n|-damage|p2a: Chi-Yu|1\/100\n|-damage|p2b: Flutter Mane|0 fnt\n|faint|p2b: Flutter Mane\n|-end|p2b: Flutter Mane|Protosynthesis|[silent]\n|\n|-weather|Sandstorm|[upkeep]\n|-damage|p2a: Chi-Yu|0 fnt|[from] Sandstorm\n|faint|p2a: Chi-Yu\n|upkeep\n|-message|gung hole forfeited.\n|\n|win|HeroicPKMN\n|raw|gung hole's rating: 1146 → 1123<\/strong> (-23 for losing)\n|raw|HeroicPKMN's rating: 1176 → 1199<\/strong> (+23 for winning)\n|l|\u203dgung hole\n","uploadtime":1684113471,"views":13,"p1id":"gunghole","p2id":"heroicpkmn","formatid":"gen9vgc2023regulationc","rating":1123,"private":0,"password":""}