{"id":"gen9vgc2023regulationc-1854592322","p1":"omg_its_daddy","p2":"TrainerDylan24","format":"[Gen 9] VGC 2023 Regulation C","log":"|j|\u2606omg_its_daddy\n|j|\u2606TrainerDylan24\n|t:|1682832255\n|gametype|doubles\n|player|p1|omg_its_daddy|265|1039\n|player|p2|TrainerDylan24|swimmerf|1082\n|teamsize|p1|6\n|teamsize|p2|6\n|gen|9\n|tier|[Gen 9] VGC 2023 Regulation C\n|rated|\n|rule|Species Clause: Limit one of each Pok\u00e9mon\n|rule|Item Clause: Limit one of each item\n|clearpoke\n|poke|p1|Gholdengo, L50|\n|poke|p1|Gyarados, L50, M|\n|poke|p1|Raichu, L50, M|\n|poke|p1|Iron Valiant, L50|\n|poke|p1|Corviknight, L50, F|\n|poke|p1|Sableye, L50, F|\n|poke|p2|Torkoal, L50, M|\n|poke|p2|Amoonguss, L50, F|\n|poke|p2|Kilowattrel, L50, M|\n|poke|p2|Lilligant, L50, F|\n|poke|p2|Roaring Moon, L50|\n|poke|p2|Arcanine, L50, F|\n|teampreview|4\n|\n|t:|1682832313\n|start\n|switch|p1a: Iron Valiant|Iron Valiant, L50, shiny|100\/100\n|switch|p1b: Sableye|Sableye, L50, F|100\/100\n|switch|p2a: Torkoal|Torkoal, L50, M|100\/100\n|switch|p2b: Lilligant|Lilligant, L50, F|100\/100\n|-weather|SunnyDay|[from] ability: Drought|[of] p2a: Torkoal\n|-enditem|p1a: Iron Valiant|Booster Energy\n|-activate|p1a: Iron Valiant|ability: Quark Drive|[fromitem]\n|-start|p1a: Iron Valiant|quarkdrivespe\n|turn|1\n|\n|t:|1682832337\n|move|p1b: Sableye|Fake Out|p2a: Torkoal\n|-damage|p2a: Torkoal|94\/100\n|move|p2b: Lilligant|Quiver Dance|p2b: Lilligant\n|-boost|p2b: Lilligant|spa|1\n|-boost|p2b: Lilligant|spd|1\n|-boost|p2b: Lilligant|spe|1\n|move|p1a: Iron Valiant|Icy Wind|p2a: Torkoal|[spread] p2a,p2b\n|-resisted|p2a: Torkoal\n|-supereffective|p2b: Lilligant\n|-damage|p2a: Torkoal|88\/100\n|-damage|p2b: Lilligant|74\/100\n|-unboost|p2a: Torkoal|spe|1\n|-unboost|p2b: Lilligant|spe|1\n|cant|p2a: Torkoal|flinch\n|\n|-weather|SunnyDay|[upkeep]\n|-heal|p2b: Lilligant|81\/100|[from] item: Leftovers\n|upkeep\n|turn|2\n|\n|t:|1682832369\n|move|p1b: Sableye|Taunt|p2b: Lilligant\n|-start|p2b: Lilligant|move: Taunt\n|move|p2b: Lilligant|Giga Drain|p1a: Iron Valiant\n|-damage|p1a: Iron Valiant|30\/100\n|-heal|p2b: Lilligant|100\/100|[from] drain|[of] p1a: Iron Valiant\n|move|p1a: Iron Valiant|Icy Wind|p2a: Torkoal|[spread] p2a,p2b\n|-resisted|p2a: Torkoal\n|-supereffective|p2b: Lilligant\n|-damage|p2a: Torkoal|81\/100\n|-damage|p2b: Lilligant|76\/100\n|-unboost|p2a: Torkoal|spe|1\n|-unboost|p2b: Lilligant|spe|1\n|move|p2a: Torkoal|Heat Wave|p1b: Sableye|[spread] p1a,p1b\n|-damage|p1a: Iron Valiant|0 fnt\n|-damage|p1b: Sableye|44\/100\n|-status|p1b: Sableye|brn\n|faint|p1a: Iron Valiant\n|-end|p1a: Iron Valiant|Quark Drive|[silent]\n|\n|-weather|SunnyDay|[upkeep]\n|-heal|p2b: Lilligant|82\/100|[from] item: Leftovers\n|-damage|p1b: Sableye|39\/100 brn|[from] brn\n|upkeep\n|\n|t:|1682832380\n|switch|p1a: Gyarados|Gyarados, L50, M, shiny|100\/100\n|-ability|p1a: Gyarados|Intimidate|boost\n|-unboost|p2a: Torkoal|atk|1\n|-unboost|p2b: Lilligant|atk|1\n|turn|3\n|\n|t:|1682832407\n|move|p1b: Sableye|Will-O-Wisp|p2a: Torkoal|[miss]\n|-miss|p1b: Sableye|p2a: Torkoal\n|move|p2b: Lilligant|Giga Drain|p1a: Gyarados\n|-damage|p1a: Gyarados|50\/100\n|-heal|p2b: Lilligant|100\/100|[from] drain|[of] p1a: Gyarados\n|move|p1a: Gyarados|Dragon Dance|p1a: Gyarados\n|-boost|p1a: Gyarados|atk|1\n|-boost|p1a: Gyarados|spe|1\n|move|p2a: Torkoal|Heat Wave|p1a: Gyarados|[spread] p1a,p1b\n|-resisted|p1a: Gyarados\n|-damage|p1a: Gyarados|28\/100\n|-damage|p1b: Sableye|0 fnt\n|faint|p1b: Sableye\n|\n|-weather|SunnyDay|[upkeep]\n|upkeep\n|\n|t:|1682832409\n|switch|p1b: Gholdengo|Gholdengo, L50|100\/100\n|turn|4\n|\n|t:|1682832430\n|-terastallize|p1b: Gholdengo|Steel\n|move|p2b: Lilligant|Giga Drain|p1a: Gyarados\n|-damage|p1a: Gyarados|0 fnt\n|faint|p1a: Gyarados\n|move|p1b: Gholdengo|Make It Rain|p2b: Lilligant|[spread] p2a,p2b\n|-resisted|p2a: Torkoal\n|-damage|p2a: Torkoal|25\/100\n|-damage|p2b: Lilligant|0 fnt\n|-unboost|p1b: Gholdengo|spa|1\n|faint|p2b: Lilligant\n|move|p2a: Torkoal|Heat Wave|p1b: Gholdengo\n|-supereffective|p1b: Gholdengo\n|-damage|p1b: Gholdengo|0 fnt\n|faint|p1b: Gholdengo\n|\n|win|TrainerDylan24\n|raw|omg_its_daddy's rating: 1039 → 1025<\/strong> (-14 for losing)\n|raw|TrainerDylan24's rating: 1082 → 1106<\/strong> (+24 for winning)\n|l|\u2606omg_its_daddy\n","uploadtime":1682832462,"views":16,"p1id":"omgitsdaddy","p2id":"trainerdylan24","formatid":"gen9vgc2023regulationc","rating":1025,"private":0,"password":""}