{"id":"gen9vgc2023regulationc-1850576071","p1":"rina slaywayama","p2":"Maxman101100","format":"[Gen 9] VGC 2023 Regulation C","log":"|j|\u2606rina slaywayama\n|j|\u2606Maxman101100\n|t:|1682350007\n|gametype|doubles\n|player|p1|rina slaywayama|2|1647\n|player|p2|Maxman101100|iris-gen5bw2|1751\n|teamsize|p1|6\n|teamsize|p2|6\n|gen|9\n|tier|[Gen 9] VGC 2023 Regulation C\n|rated|\n|rule|Species Clause: Limit one of each Pok\u00e9mon\n|rule|Item Clause: Limit one of each item\n|clearpoke\n|poke|p1|Iron Hands, L50|\n|poke|p1|Flutter Mane, L50|\n|poke|p1|Amoonguss, L50, F|\n|poke|p1|Palafin, L50, F|\n|poke|p1|Arcanine, L50, M|\n|poke|p1|Ting-Lu, L50|\n|poke|p2|Annihilape, L50, F|\n|poke|p2|Maushold, L50|\n|poke|p2|Baxcalibur, L50, M|\n|poke|p2|Ting-Lu, L50|\n|poke|p2|Flutter Mane, L50|\n|poke|p2|Talonflame, L50, M|\n|teampreview|4\nrina slaywayama has agreed to open team sheets.\n|\n|t:|1682350052\n|start\n|switch|p1a: Iron Hands|Iron Hands, L50, shiny|100\/100\n|switch|p1b: Flutter Mane|Flutter Mane, L50|100\/100\n|switch|p2a: Denjiape|Annihilape, L50, F, shiny|100\/100\n|switch|p2b: Maus Zedong|Maushold, L50|100\/100\n|-enditem|p1b: Flutter Mane|Booster Energy\n|-activate|p1b: Flutter Mane|ability: Protosynthesis|[fromitem]\n|-start|p1b: Flutter Mane|protosynthesisspa\n|turn|1\n|\n|t:|1682350071\n|move|p2b: Maus Zedong|Protect|p2b: Maus Zedong\n|-singleturn|p2b: Maus Zedong|Protect\n|move|p2a: Denjiape|Protect|p2a: Denjiape\n|-singleturn|p2a: Denjiape|Protect\n|move|p1a: Iron Hands|Swords Dance|p1a: Iron Hands\n|-boost|p1a: Iron Hands|atk|2\n|move|p1b: Flutter Mane|Trick Room|p1b: Flutter Mane\n|-fieldstart|move: Trick Room|[of] p1b: Flutter Mane\n|\n|upkeep\n|turn|2\n|\n|t:|1682350088\n|-terastallize|p2b: Maus Zedong|Poison\n|move|p2b: Maus Zedong|Follow Me|p2b: Maus Zedong\n|-singleturn|p2b: Maus Zedong|move: Follow Me\n|move|p1a: Iron Hands|Thunder Punch|p2b: Maus Zedong\n|-damage|p2b: Maus Zedong|0 fnt\n|faint|p2b: Maus Zedong\n|move|p2a: Denjiape|Rage Fist|p1b: Flutter Mane\n|-supereffective|p1b: Flutter Mane\n|-damage|p1b: Flutter Mane|39\/100\n|move|p1b: Flutter Mane|Shadow Ball|p2a: Denjiape\n|-supereffective|p2a: Denjiape\n|-damage|p2a: Denjiape|0 fnt\n|faint|p2a: Denjiape\n|\n|upkeep\n|-message|Maxman101100 forfeited.\n|\n|win|rina slaywayama\n|raw|rina slaywayama's rating: 1647 → 1673<\/strong> (+26 for winning)\n|raw|Maxman101100's rating: 1751 → 1725<\/strong> (-26 for losing)\n|l|\u2606Maxman101100\n","uploadtime":1682350108,"views":23,"p1id":"rinaslaywayama","p2id":"maxman101100","formatid":"gen9vgc2023regulationc","rating":1673,"private":0,"password":""}