{"id":"gen9vgc2023regulationc-1854658424","p1":"We_Love_The_Gong","p2":"edomila99","format":"[Gen 9] VGC 2023 Regulation C","log":"|j|\u2606We_Love_The_Gong\n|j|\u2606edomila99\n|t:|1682845038\n|gametype|doubles\n|player|p1|We_Love_The_Gong|fantina|1394\n|player|p2|edomila99|2|1309\n|teamsize|p1|6\n|teamsize|p2|6\n|gen|9\n|tier|[Gen 9] VGC 2023 Regulation C\n|rated|\n|rule|Species Clause: Limit one of each Pok\u00e9mon\n|rule|Item Clause: Limit one of each item\n|clearpoke\n|poke|p1|Gholdengo, L50|\n|poke|p1|Ting-Lu, L50|\n|poke|p1|Gyarados, L50, F|\n|poke|p1|Flutter Mane, L50|\n|poke|p1|Amoonguss, L50, M|\n|poke|p1|Baxcalibur, L50, F|\n|poke|p2|Ting-Lu, L50|\n|poke|p2|Arcanine, L50, F|\n|poke|p2|Vivillon, L50, M|\n|poke|p2|Baxcalibur, L50, M|\n|poke|p2|Amoonguss, L50, F|\n|poke|p2|Mimikyu, L50, M|\n|teampreview|4\nWe_Love_The_Gong has agreed to open team sheets.\n|inactive|Battle timer is ON: inactive players will automatically lose when time's up. (requested by We_Love_The_Gong)\n|\n|t:|1682845102\n|start\n|switch|p1a: Ting-Lu|Ting-Lu, L50|100\/100\n|switch|p1b: Flutter Mane|Flutter Mane, L50|100\/100\n|switch|p2a: Baxcalibur|Baxcalibur, L50, M|100\/100\n|switch|p2b: Mimikyu|Mimikyu, L50, M|100\/100\n|-ability|p1a: Ting-Lu|Vessel of Ruin\n|turn|1\n|\n|t:|1682845117\n|-terastallize|p1b: Flutter Mane|Fairy\n|move|p1b: Flutter Mane|Dazzling Gleam|p2a: Baxcalibur|[spread] p2a,p2b\n|-supereffective|p2a: Baxcalibur\n|-damage|p2a: Baxcalibur|2\/100\n|-activate|p2b: Mimikyu|ability: Disguise\n|-damage|p2b: Mimikyu|100\/100\n|detailschange|p2b: Mimikyu|Mimikyu-Busted, L50, M\n|-damage|p2b: Mimikyu|88\/100|[from] pokemon: Mimikyu-Busted\n|move|p2b: Mimikyu|Play Rough|p1a: Ting-Lu\n|-supereffective|p1a: Ting-Lu\n|-damage|p1a: Ting-Lu|41\/100\n|-damage|p2b: Mimikyu|78\/100|[from] item: Life Orb\n|move|p2a: Baxcalibur|Icicle Crash|p1a: Ting-Lu\n|-supereffective|p1a: Ting-Lu\n|-damage|p1a: Ting-Lu|0 fnt\n|faint|p1a: Ting-Lu\n|\n|upkeep\n|\n|t:|1682845124\n|switch|p1a: Baxcalibur|Baxcalibur, L50, F|100\/100\n|turn|2\n|\n|t:|1682845145\n|switch|p2a: Arcanine|Arcanine, L50, F|100\/100\n|-ability|p2a: Arcanine|Intimidate|boost\n|-unboost|p1a: Baxcalibur|atk|1\n|-unboost|p1b: Flutter Mane|atk|1\n|move|p1b: Flutter Mane|Dazzling Gleam|p2a: Arcanine|[spread] p2a,p2b\n|-resisted|p2a: Arcanine\n|-damage|p2a: Arcanine|65\/100\n|-damage|p2b: Mimikyu|0 fnt\n|faint|p2b: Mimikyu\n|move|p1a: Baxcalibur|Icicle Spear|p2a: Arcanine\n|-resisted|p2a: Arcanine\n|-damage|p2a: Arcanine|59\/100\n|-resisted|p2a: Arcanine\n|-damage|p2a: Arcanine|53\/100\n|-resisted|p2a: Arcanine\n|-damage|p2a: Arcanine|46\/100\n|-resisted|p2a: Arcanine\n|-damage|p2a: Arcanine|41\/100\n|-hitcount|p2a: Arcanine|4\n|\n|upkeep\n|\n|t:|1682845159\n|switch|p2b: Baxcalibur|Baxcalibur, L50, M|2\/100\n|turn|3\n|\n|t:|1682845170\n|-terastallize|p2a: Arcanine|Normal\n|move|p2a: Arcanine|Extreme Speed|p1b: Flutter Mane\n|-damage|p1b: Flutter Mane|47\/100\n|move|p2b: Baxcalibur|Ice Shard|p1b: Flutter Mane\n|-damage|p1b: Flutter Mane|7\/100\n|move|p1b: Flutter Mane|Dazzling Gleam|p2a: Arcanine|[spread] p2a,p2b\n|-supereffective|p2b: Baxcalibur\n|-crit|p2b: Baxcalibur\n|-damage|p2a: Arcanine|0 fnt\n|-damage|p2b: Baxcalibur|0 fnt\n|faint|p2a: Arcanine\n|faint|p2b: Baxcalibur\n|move|p1a: Baxcalibur|Glaive Rush|p2: Arcanine|[notarget]\n|-fail|p1a: Baxcalibur\n|\n|upkeep\n|\n|t:|1682845180\n|switch|p2b: Ting-Lu|Ting-Lu, L50|100\/100\n|-ability|p2b: Ting-Lu|Vessel of Ruin\n|turn|4\n|\n|t:|1682845186\n|move|p1b: Flutter Mane|Dazzling Gleam|p2b: Ting-Lu\n|-supereffective|p2b: Ting-Lu\n|-damage|p2b: Ting-Lu|7\/100\n|-enditem|p2b: Ting-Lu|Weakness Policy\n|-boost|p2b: Ting-Lu|atk|2|[from] item: Weakness Policy\n|-boost|p2b: Ting-Lu|spa|2|[from] item: Weakness Policy\n|move|p1a: Baxcalibur|Icicle Spear|p2b: Ting-Lu\n|-supereffective|p2b: Ting-Lu\n|-damage|p2b: Ting-Lu|0 fnt\n|faint|p2b: Ting-Lu\n|-hitcount|p2: Ting-Lu|1\n|\n|win|We_Love_The_Gong\n|raw|We_Love_The_Gong's rating: 1394 → 1409<\/strong> (+15 for winning)\n|raw|edomila99's rating: 1309 → 1294<\/strong> (-15 for losing)\n|c|\u2606We_Love_The_Gong|gg\n|l|\u2606edomila99\n","uploadtime":1682845193,"views":13,"p1id":"welovethegong","p2id":"edomila99","formatid":"gen9vgc2023regulationc","rating":1294,"private":0,"password":""}