{"id":"gen9vgc2023regulationc-1861002377","p1":"Josuee_29","p2":"KiranSnorlax","format":"[Gen 9] VGC 2023 Regulation C","log":"|j|\u2606Josuee_29\n|j|\u2606KiranSnorlax\n|t:|1683712165\n|gametype|doubles\n|player|p1|Josuee_29|102|1027\n|player|p2|KiranSnorlax|skier|1086\n|teamsize|p1|6\n|teamsize|p2|6\n|gen|9\n|tier|[Gen 9] VGC 2023 Regulation C\n|rated|\n|rule|Species Clause: Limit one of each Pok\u00e9mon\n|rule|Item Clause: Limit one of each item\n|clearpoke\n|poke|p1|Chien-Pao, L50|\n|poke|p1|Flutter Mane, L50|\n|poke|p1|Arcanine, L50, F|\n|poke|p1|Amoonguss, L50, F|\n|poke|p1|Palafin, L50, M|\n|poke|p1|Dragonite, L50, F|\n|poke|p2|Tatsugiri, L50, M|\n|poke|p2|Dondozo, L50, M|\n|poke|p2|Flamigo, L50, F|\n|poke|p2|Annihilape, L50, F|\n|poke|p2|Cetitan, L50, F|\n|poke|p2|Maushold-Four, L50|\n|teampreview|4\n|inactive|Battle timer is ON: inactive players will automatically lose when time's up. (requested by KiranSnorlax)\n|inactive|Josuee_29 has 60 seconds left.\n|\n|t:|1683712203\n|start\n|switch|p1a: Palafin|Palafin, L50, M|100\/100\n|switch|p1b: Amoonguss|Amoonguss, L50, F|100\/100\n|switch|p2a: Cetitan|Cetitan, L50, F|100\/100\n|switch|p2b: Maushold|Maushold-Four, L50|100\/100\n|turn|1\n|inactive|Josuee_29 has 30 seconds left.\n|inactive|KiranSnorlax has 30 seconds left.\n|inactive|Josuee_29 has 20 seconds left.\n|inactive|KiranSnorlax has 20 seconds left.\n|\n|t:|1683712240\n|detailschange|p1a: Palafin|Palafin-Hero, L50, M\n|switch|p1a: Flutter Mane|Flutter Mane, L50|100\/100\n|move|p1b: Amoonguss|Protect|p1b: Amoonguss\n|-singleturn|p1b: Amoonguss|Protect\n|move|p2b: Maushold|Follow Me|p2b: Maushold\n|-singleturn|p2b: Maushold|move: Follow Me\n|move|p2a: Cetitan|Belly Drum|p2a: Cetitan\n|-damage|p2a: Cetitan|50\/100\n|-setboost|p2a: Cetitan|atk|6|[from] move: Belly Drum\n|-enditem|p2a: Cetitan|Sitrus Berry|[eat]\n|-heal|p2a: Cetitan|75\/100|[from] item: Sitrus Berry\n|\n|upkeep\n|turn|2\n|inactive|Josuee_29 has 30 seconds left.\n|inactive|KiranSnorlax has 30 seconds left.\n|inactive|Josuee_29 has 20 seconds left.\n|inactive|KiranSnorlax has 20 seconds left.\n|inactive|Josuee_29 has 15 seconds left.\n|\n|t:|1683712285\n|move|p2b: Maushold|Follow Me|p2b: Maushold\n|-singleturn|p2b: Maushold|move: Follow Me\n|move|p2a: Cetitan|Ice Shard|p1b: Amoonguss\n|-supereffective|p1b: Amoonguss\n|-damage|p1b: Amoonguss|0 fnt\n|faint|p1b: Amoonguss\n|move|p1a: Flutter Mane|Moonblast|p2b: Maushold\n|-enditem|p2b: Maushold|Focus Sash\n|-damage|p2b: Maushold|1\/100\n|-unboost|p2b: Maushold|spa|1\n|\n|upkeep\n|\n|t:|1683712298\n|switch|p1b: Palafin|Palafin-Hero, L50, M|100\/100\n|-activate|p1b: Palafin|ability: Zero to Hero\n|turn|3\n|inactive|Josuee_29 has 30 seconds left.\n|inactive|KiranSnorlax has 30 seconds left.\n|\n|t:|1683712327\n|-terastallize|p2a: Cetitan|Water\n|move|p2b: Maushold|Protect|p2b: Maushold\n|-singleturn|p2b: Maushold|Protect\n|move|p1a: Flutter Mane|Moonblast|p1b: Palafin\n|-damage|p1b: Palafin|30\/100\n|move|p1b: Palafin|Wave Crash|p2a: Cetitan\n|-resisted|p2a: Cetitan\n|-damage|p2a: Cetitan|43\/100\n|-damage|p1b: Palafin|18\/100|[from] Recoil\n|move|p2a: Cetitan|Earthquake|p1a: Flutter Mane|[spread] p1a,p1b\n|-activate|p2b: Maushold|move: Protect\n|-damage|p1a: Flutter Mane|0 fnt\n|-damage|p1b: Palafin|0 fnt\n|faint|p1a: Flutter Mane\n|-end|p1a: Flutter Mane|Protosynthesis|[silent]\n|faint|p1b: Palafin\n|\n|upkeep\n|c|\u2606KiranSnorlax|did u do that on perpouse?\n|inactive|Josuee_29 has 30 seconds left.\n|inactive|Josuee_29 has 20 seconds left.\n|\n|t:|1683712364\n|switch|p1b: Dragonite|Dragonite, L50, F|100\/100\n|turn|4\n|\n|t:|1683712374\n|move|p2b: Maushold|Follow Me|p2b: Maushold\n|-singleturn|p2b: Maushold|move: Follow Me\n|move|p2a: Cetitan|Ice Shard|p1b: Dragonite\n|-supereffective|p1b: Dragonite\n|-damage|p1b: Dragonite|0 fnt\n|faint|p1b: Dragonite\n|\n|win|KiranSnorlax\n|raw|Josuee_29's rating: 1027 → 1015<\/strong> (-12 for losing)\n|raw|KiranSnorlax's rating: 1086 → 1109<\/strong> (+23 for winning)\n","uploadtime":1683712399,"views":16,"p1id":"josuee29","p2id":"kiransnorlax","formatid":"gen9vgc2023regulationc","rating":1015,"private":0,"password":""}