{"id":"gen9vgc2023regulationc-1863723624","p1":"hnknt","p2":"Arcacagne","format":"[Gen 9] VGC 2023 Regulation C","log":"|j|\u2606hnknt\n|j|\u2606Arcacagne\n|t:|1684067451\n|gametype|doubles\n|player|p1|hnknt|2|1275\n|player|p2|Arcacagne|265|1296\n|teamsize|p1|6\n|teamsize|p2|6\n|gen|9\n|tier|[Gen 9] VGC 2023 Regulation C\n|rated|\n|rule|Species Clause: Limit one of each Pok\u00e9mon\n|rule|Item Clause: Limit one of each item\n|clearpoke\n|poke|p1|Flutter Mane, L50|\n|poke|p1|Arcanine, L50, M|\n|poke|p1|Iron Hands, L50|\n|poke|p1|Ting-Lu, L50|\n|poke|p1|Dondozo, L50, M|\n|poke|p1|Chien-Pao, L50|\n|poke|p2|Chi-Yu, L50|\n|poke|p2|Flutter Mane, L50|\n|poke|p2|Amoonguss, L50, F|\n|poke|p2|Ting-Lu, L50|\n|poke|p2|Iron Hands, L50|\n|poke|p2|Gyarados, L50, F|\n|teampreview|4\n|\n|t:|1684067515\n|start\n|switch|p1a: Ting-Lu|Ting-Lu, L50|100\/100\n|switch|p1b: Dondozo|Dondozo, L50, M, shiny|100\/100\n|switch|p2a: Chi-Yu|Chi-Yu, L50|100\/100\n|switch|p2b: Iron Hands|Iron Hands, L50|100\/100\n|-ability|p2a: Chi-Yu|Beads of Ruin\n|-ability|p1a: Ting-Lu|Vessel of Ruin\n|turn|1\n|\n|t:|1684067530\n|switch|p2a: Gyarados|Gyarados, L50, F|100\/100\n|-ability|p2a: Gyarados|Intimidate|boost\n|-unboost|p1a: Ting-Lu|atk|1\n|-fail|p1b: Dondozo|unboost|Attack|[from] ability: Oblivious|[of] p1b: Dondozo\n|-terastallize|p2b: Iron Hands|Grass\n|move|p2b: Iron Hands|Swords Dance|p2b: Iron Hands\n|-boost|p2b: Iron Hands|atk|2\n|move|p1a: Ting-Lu|Ruination|p2b: Iron Hands\n|-damage|p2b: Iron Hands|51\/100\n|move|p1b: Dondozo|Wave Crash|p2a: Gyarados\n|-resisted|p2a: Gyarados\n|-damage|p2a: Gyarados|79\/100\n|-damage|p1b: Dondozo|95\/100|[from] Recoil\n|\n|-heal|p1b: Dondozo|100\/100|[from] item: Leftovers\n|upkeep\n|turn|2\n|\n|t:|1684067550\n|move|p2a: Gyarados|Thunder Wave|p1b: Dondozo\n|-status|p1b: Dondozo|par\n|move|p2b: Iron Hands|Drain Punch|p1a: Ting-Lu\n|-supereffective|p1a: Ting-Lu\n|-damage|p1a: Ting-Lu|38\/100\n|-heal|p2b: Iron Hands|83\/100|[from] drain|[of] p1a: Ting-Lu\n|-enditem|p1a: Ting-Lu|Sitrus Berry|[eat]\n|-heal|p1a: Ting-Lu|63\/100|[from] item: Sitrus Berry\n|move|p1a: Ting-Lu|Ruination|p2a: Gyarados|[miss]\n|-miss|p1a: Ting-Lu|p2a: Gyarados\n|move|p1b: Dondozo|Yawn|p2a: Gyarados\n|-start|p2a: Gyarados|move: Yawn|[of] p1b: Dondozo\n|\n|upkeep\n|turn|3\n|\n|t:|1684067570\n|switch|p2a: Amoonguss|Amoonguss, L50, F|100\/100\n|move|p2b: Iron Hands|Drain Punch|p1b: Dondozo\n|-damage|p1b: Dondozo|55\/100 par\n|-heal|p2b: Iron Hands|100\/100|[from] drain|[of] p1b: Dondozo\n|move|p1a: Ting-Lu|Ruination|p2a: Amoonguss\n|-damage|p2a: Amoonguss|51\/100\n|move|p1b: Dondozo|Yawn|p2b: Iron Hands\n|-start|p2b: Iron Hands|move: Yawn|[of] p1b: Dondozo\n|\n|-heal|p1b: Dondozo|61\/100 par|[from] item: Leftovers\n|upkeep\n|turn|4\n|\n|t:|1684067586\n|switch|p2a: Gyarados|Gyarados, L50, F|79\/100\n|-ability|p2a: Gyarados|Intimidate|boost\n|-unboost|p1a: Ting-Lu|atk|1\n|-fail|p1b: Dondozo|unboost|Attack|[from] ability: Oblivious|[of] p1b: Dondozo\n|move|p2b: Iron Hands|Drain Punch|p1a: Ting-Lu\n|-supereffective|p1a: Ting-Lu\n|-damage|p1a: Ting-Lu|0 fnt\n|faint|p1a: Ting-Lu\n|move|p1b: Dondozo|Yawn|p2a: Gyarados\n|-start|p2a: Gyarados|move: Yawn|[of] p1b: Dondozo\n|\n|-heal|p1b: Dondozo|67\/100 par|[from] item: Leftovers\n|-end|p2b: Iron Hands|move: Yawn|[silent]\n|-status|p2b: Iron Hands|slp\n|-enditem|p2b: Iron Hands|Lum Berry|[eat]\n|-curestatus|p2b: Iron Hands|slp|[msg]\n|upkeep\n|-message|hnknt forfeited.\n|\n|win|Arcacagne\n|raw|hnknt's rating: 1275 → 1252<\/strong> (-23 for losing)\n|raw|Arcacagne's rating: 1296 → 1319<\/strong> (+23 for winning)\n|l|\u2606hnknt\n","uploadtime":1684067604,"views":12,"p1id":"hnknt","p2id":"arcacagne","formatid":"gen9vgc2023regulationc","rating":1252,"private":0,"password":""}