{"id":"gen9vgc2023regulationc-1851742047","p1":"Zerowen","p2":"Vicelelelele","format":"[Gen 9] VGC 2023 Regulation C","log":"|j|\u2606Zerowen\n|j|\u2606Vicelelelele\n|t:|1682476836\n|gametype|doubles\n|player|p1|Zerowen|ingo|\n|player|p2|Vicelelelele|hilbert-wonderlauncher|\n|teamsize|p1|6\n|teamsize|p2|6\n|gen|9\n|tier|[Gen 9] VGC 2023 Regulation C\n|rated|Tournament battle\n|rule|Species Clause: Limit one of each Pok\u00e9mon\n|rule|Item Clause: Limit one of each item\n|clearpoke\n|poke|p1|Palafin, L50, F|\n|poke|p1|Corviknight, L50, M|\n|poke|p1|Flutter Mane, L50|\n|poke|p1|Amoonguss, L50, F|\n|poke|p1|Arcanine, L50, M|\n|poke|p1|Iron Thorns, L50|\n|poke|p2|Torkoal, L50, M|\n|poke|p2|Jumpluff, L50, M|\n|poke|p2|Kingambit, L50, F|\n|poke|p2|Great Tusk, L50|\n|poke|p2|Chien-Pao, L50|\n|poke|p2|Flutter Mane, L50|\n|teampreview|4\n|raw| Open Team Sheet for Zerowen<\/summary>BATMAN?!?! (Palafin) @ Mystic Water Ability: Zero to Hero Level: 50 Tera Type: Water - Wave Crash - Haze - Jet Punch - Protect Nightwing (Corviknight) @ Assault Vest Ability: Mirror Armor Level: 50 Tera Type: Fire - Brave Bird - Iron Head - U-turn - Tera Blast \ud83d\udc9c\ud83d\udc93\ud83d\udc9c (Flutter Mane) @ Booster Energy Ability: Protosynthesis Level: 50 Tera Type: Fairy - Shadow Ball - Dazzling Gleam - Moonblast - Protect SUSIMPOSTER\ud83d\udcee (Amoonguss) @ Sitrus Berry Ability: Regenerator Level: 50 Tera Type: Water - Spore - Rage Powder - Pollen Puff - Clear Smog RK9 (Arcanine) @ Safety Goggles Ability: Intimidate Level: 50 Tera Type: Water - Flare Blitz - Extreme Speed - Will-O-Wisp - Protect Iron Thorns @ Lum Berry Ability: Quark Drive Level: 50 Tera Type: Poison - Rock Slide - Wild Charge - Stone Edge - Protect <\/details><\/div> Open Team Sheet for Vicelelelele<\/summary>Torkoal @ Eject Pack Ability: Drought Level: 50 Tera Type: Fire - Overheat - Helping Hand - Clear Smog - Protect Jumpluff @ Covert Cloak Ability: Chlorophyll Level: 50 Shiny: Yes Tera Type: Ghost - Encore - Rage Powder - Sleep Powder - Protect Kingambit @ Assault Vest Ability: Defiant Level: 50 Tera Type: Flying - Iron Head - Assurance - Sucker Punch - Low Kick Great Tusk @ Choice Scarf Ability: Protosynthesis Level: 50 Hidden Power: Fighting Tera Type: Steel - Earthquake - Close Combat - Headlong Rush - Rock Slide Chien-Pao @ Focus Sash Ability: Sword of Ruin Level: 50 Tera Type: Flying - Ice Spinner - Sucker Punch - Sacred Sword - Protect Flutter Mane @ Choice Specs Ability: Protosynthesis Level: 50 Tera Type: Fairy - Dazzling Gleam - Moonblast - Shadow Ball - Thunderbolt <\/details><\/div>\n|inactive|Battle timer is ON: inactive players will automatically lose when time's up. (requested by Vicelelelele)\n|inactive|Zerowen has 60 seconds left.\n|inactive|Vicelelelele has 60 seconds left.\n|inactive|Zerowen has 30 seconds left.\n|inactive|Zerowen has 20 seconds left.\n|\n|t:|1682476909\n|start\n|switch|p1a: BATMAN?!?!|Palafin, L50, F|100\/100\n|switch|p1b: Iron Thorns|Iron Thorns, L50|100\/100\n|switch|p2a: Flutter Mane|Flutter Mane, L50|100\/100\n|switch|p2b: Kingambit|Kingambit, L50, F|100\/100\n|turn|1\n|inactive|Vicelelelele has 30 seconds left.\n|\n|t:|1682476937\n|move|p1a: BATMAN?!?!|Jet Punch|p2a: Flutter Mane\n|-damage|p2a: Flutter Mane|52\/100\n|move|p2a: Flutter Mane|Dazzling Gleam|p1a: BATMAN?!?!|[spread] p1a,p1b\n|-damage|p1a: BATMAN?!?!|38\/100\n|-damage|p1b: Iron Thorns|54\/100\n|move|p1b: Iron Thorns|Rock Slide|p2a: Flutter Mane|[spread] p2a,p2b\n|-resisted|p2b: Kingambit\n|-crit|p2b: Kingambit\n|-damage|p2a: Flutter Mane|0 fnt\n|-damage|p2b: Kingambit|83\/100\n|faint|p2a: Flutter Mane\n|-end|p2a: Flutter Mane|Protosynthesis|[silent]\n|cant|p2b: Kingambit|flinch\n|\n|upkeep\n|\n|t:|1682476948\n|switch|p2a: Great Tusk|Great Tusk, L50|100\/100\n|turn|2\n|inactive|Zerowen has 30 seconds left.\n|\n|t:|1682476977\n|-terastallize|p2b: Kingambit|Flying\n|move|p1b: Iron Thorns|Protect|p1b: Iron Thorns\n|-singleturn|p1b: Iron Thorns|Protect\n|move|p1a: BATMAN?!?!|Jet Punch|p2a: Great Tusk\n|-supereffective|p2a: Great Tusk\n|-damage|p2a: Great Tusk|55\/100\n|move|p2a: Great Tusk|Earthquake|p1b: Iron Thorns|[spread] p1a\n|-activate|p1b: Iron Thorns|move: Protect\n|-immune|p2b: Kingambit\n|-damage|p1a: BATMAN?!?!|0 fnt\n|faint|p1a: BATMAN?!?!\n|move|p2b: Kingambit|Assurance|p1b: Iron Thorns\n|-activate|p1b: Iron Thorns|move: Protect\n|\n|upkeep\n|\n|t:|1682476993\n|switch|p1a: \ud83d\udc9c\ud83d\udc93\ud83d\udc9c|Flutter Mane, L50|100\/100\n|-enditem|p1a: \ud83d\udc9c\ud83d\udc93\ud83d\udc9c|Booster Energy\n|-activate|p1a: \ud83d\udc9c\ud83d\udc93\ud83d\udc9c|ability: Protosynthesis|[fromitem]\n|-start|p1a: \ud83d\udc9c\ud83d\udc93\ud83d\udc9c|protosynthesisspe\n|turn|3\n|\n|t:|1682477001\n|move|p2b: Kingambit|Sucker Punch|p1a: \ud83d\udc9c\ud83d\udc93\ud83d\udc9c\n|-damage|p1a: \ud83d\udc9c\ud83d\udc93\ud83d\udc9c|41\/100\n|move|p1a: \ud83d\udc9c\ud83d\udc93\ud83d\udc9c|Dazzling Gleam|p2a: Great Tusk|[spread] p2a,p2b\n|-supereffective|p2a: Great Tusk\n|-damage|p2a: Great Tusk|0 fnt\n|-damage|p2b: Kingambit|64\/100\n|faint|p2a: Great Tusk\n|-end|p2a: Great Tusk|Protosynthesis|[silent]\n|move|p1b: Iron Thorns|Stone Edge|p2b: Kingambit\n|-supereffective|p2b: Kingambit\n|-damage|p2b: Kingambit|0 fnt\n|faint|p2b: Kingambit\n|\n|upkeep\n|-message|Vicelelelele forfeited.\n|\n|win|Zerowen\n|n|\u2606Zerowen|zerowen\n|n|\u2606Vicelelelele|vicelelelele\n|l|\u2606Vicelelelele\n|j| Sr.Jedito1996\n","uploadtime":1682477019,"views":9,"p1id":"zerowen","p2id":"vicelelelele","formatid":"gen9vgc2023regulationc","rating":0,"private":0,"password":""}