{"id":"gen9vgc2023regulationc-1861985618","p1":"HarlequinIvy","p2":"speedyfireball","format":"[Gen 9] VGC 2023 Regulation C","log":"|j|\u2606HarlequinIvy\n|j|\u2606speedyfireball\n|t:|1683826456\n|gametype|doubles\n|player|p1|HarlequinIvy|parasollady|1118\n|player|p2|speedyfireball|pokemaniac|1077\n|teamsize|p1|4\n|teamsize|p2|6\n|gen|9\n|tier|[Gen 9] VGC 2023 Regulation C\n|rated|\n|rule|Species Clause: Limit one of each Pok\u00e9mon\n|rule|Item Clause: Limit one of each item\n|clearpoke\n|poke|p1|Indeedee, L50, M|\n|poke|p1|Armarouge, L50, F|\n|poke|p1|Flutter Mane, L50|\n|poke|p1|Stonjourner, L50, M|\n|poke|p2|Chien-Pao, L50|\n|poke|p2|Maushold-Four, L50|\n|poke|p2|Arcanine, L50, F|\n|poke|p2|Roaring Moon, L50|\n|poke|p2|Murkrow, L50, F|\n|poke|p2|Amoonguss, L50, F|\n|teampreview|4\n|\n|t:|1683826489\n|start\n|switch|p1a: Armarouge|Armarouge, L50, F|100\/100\n|switch|p1b: Flutter Mane|Flutter Mane, L50|100\/100\n|switch|p2a: Murkrow|Murkrow, L50, F|100\/100\n|switch|p2b: Chien-Pao|Chien-Pao, L50|100\/100\n|-ability|p2b: Chien-Pao|Sword of Ruin\n|turn|1\n|\n|t:|1683826510\n|-terastallize|p2b: Chien-Pao|Ghost\n|-terastallize|p1b: Flutter Mane|Fairy\n|move|p2b: Chien-Pao|Sucker Punch||[still]\n|-fail|p2b: Chien-Pao\n|move|p1a: Armarouge|Trick|p2b: Chien-Pao\n|-activate|p1a: Armarouge|move: Trick|[of] p2b: Chien-Pao\n|-item|p2b: Chien-Pao|Choice Scarf|[from] move: Trick\n|-item|p1a: Armarouge|Focus Sash|[from] move: Trick\n|move|p1b: Flutter Mane|Dazzling Gleam|p2b: Chien-Pao|[spread] p2a,p2b\n|-supereffective|p2a: Murkrow\n|-damage|p2a: Murkrow|0 fnt\n|-damage|p2b: Chien-Pao|0 fnt\n|faint|p2a: Murkrow\n|faint|p2b: Chien-Pao\n|\n|upkeep\n|-message|speedyfireball forfeited.\n|\n|win|HarlequinIvy\n|raw|HarlequinIvy's rating: 1118 → 1140<\/strong> (+22 for winning)\n|raw|speedyfireball's rating: 1077 → 1058<\/strong> (-19 for losing)\n|l|\u2606speedyfireball\n","uploadtime":1683826524,"views":15,"p1id":"harlequinivy","p2id":"speedyfireball","formatid":"gen9vgc2023regulationc","rating":1058,"private":0,"password":""}