{"id":"gen9vgc2023regulationc-1854483544","p1":"Dot1Q","p2":"Sbradyb","format":"[Gen 9] VGC 2023 Regulation C","log":"|j|\u2606Dot1Q\n|j|\u2606Sbradyb\n|t:|1682816791\n|gametype|doubles\n|player|p1|Dot1Q|veteran|\n|player|p2|Sbradyb|101|\n|teamsize|p1|6\n|teamsize|p2|6\n|gen|9\n|tier|[Gen 9] VGC 2023 Regulation C\n|rule|Species Clause: Limit one of each Pok\u00e9mon\n|rule|Item Clause: Limit one of each item\n|clearpoke\n|poke|p1|Chi-Yu, L50|\n|poke|p1|Flutter Mane, L50|\n|poke|p1|Chien-Pao, L50|\n|poke|p1|Dragonite, L50, F|\n|poke|p1|Dondozo, L50, M|\n|poke|p1|Tatsugiri-Stretchy, L50, M|\n|poke|p2|Gholdengo, L50|\n|poke|p2|Iron Bundle, L50|\n|poke|p2|Chi-Yu, L50|\n|poke|p2|Murkrow, L50, F|\n|poke|p2|Flutter Mane, L50|\n|poke|p2|Brute Bonnet, L50|\n|teampreview|4\nSbradyb has agreed to open team sheets.\n|c|\u2606Sbradyb|Glhf\n|inactive|Battle timer is ON: inactive players will automatically lose when time's up. (requested by Sbradyb)\nDot1Q has agreed to open team sheets.\n|inactive|Sbradyb has 60 seconds left.\n|inactive|Sbradyb has 30 seconds left.\n|inactive|Sbradyb has 20 seconds left.\n|inactive|Sbradyb has 15 seconds left.\n|inactive|Sbradyb has 10 seconds left.\n|inactive|Sbradyb has 5 seconds left.\n|\n|t:|1682816911\n|start\n|switch|p1a: Dragonite|Dragonite, L50, F|100\/100\n|switch|p1b: Chien-Pao|Chien-Pao, L50|100\/100\n|switch|p2a: Flutter Mane|Flutter Mane, L50|100\/100\n|switch|p2b: Gholdengo|Gholdengo, L50|100\/100\n|-ability|p1b: Chien-Pao|Sword of Ruin\n|turn|1\n|inactive|Dot1Q has 30 seconds left.\n|\n|t:|1682816938\n|-terastallize|p1b: Chien-Pao|Dark\n|-terastallize|p2a: Flutter Mane|Fairy\n|move|p1b: Chien-Pao|Sucker Punch|p2a: Flutter Mane\n|-resisted|p2a: Flutter Mane\n|-damage|p2a: Flutter Mane|45\/100\n|move|p2a: Flutter Mane|Dazzling Gleam|p1b: Chien-Pao|[spread] p1a,p1b\n|-supereffective|p1a: Dragonite\n|-crit|p1a: Dragonite\n|-supereffective|p1b: Chien-Pao\n|-damage|p1a: Dragonite|0 fnt\n|-enditem|p1b: Chien-Pao|Focus Sash\n|-damage|p1b: Chien-Pao|1\/100\n|faint|p1a: Dragonite\n|move|p2b: Gholdengo|Nasty Plot|p2b: Gholdengo\n|-boost|p2b: Gholdengo|spa|2\n|\n|upkeep\n|\n|t:|1682816952\n|switch|p1a: Dondozo|Dondozo, L50, M|100\/100\n|turn|2\n|\n|t:|1682816966\n|switch|p1b: Tatsugiri|Tatsugiri-Stretchy, L50, M|100\/100\n|-activate|p1b: Tatsugiri|ability: Commander|[of] p1a: Dondozo\n|-boost|p1a: Dondozo|atk|2\n|-boost|p1a: Dondozo|spa|2\n|-boost|p1a: Dondozo|spe|2\n|-boost|p1a: Dondozo|def|2\n|-boost|p1a: Dondozo|spd|2\n|-end|p2a: Flutter Mane|Protosynthesis|[silent]\n|switch|p2a: Murkrow|Murkrow, L50, F, shiny|100\/100\n|move|p2b: Gholdengo|Protect|p2b: Gholdengo\n|-singleturn|p2b: Gholdengo|Protect\n|move|p1a: Dondozo|Earthquake|p2b: Gholdengo|[spread] \n|-miss|p1a: Dondozo|p1b: Tatsugiri\n|-activate|p2b: Gholdengo|move: Protect\n|-immune|p2a: Murkrow\n|\n|upkeep\n|turn|3\n|inactive|Sbradyb has 30 seconds left.\n|\n|t:|1682816999\n|move|p2a: Murkrow|Haze|p2a: Murkrow\n|-clearallboost\n|move|p2b: Gholdengo|Shadow Ball|p1a: Dondozo\n|-damage|p1a: Dondozo|56\/100\n|move|p1a: Dondozo|Wave Crash|p2b: Gholdengo\n|-damage|p2b: Gholdengo|49\/100\n|-damage|p1a: Dondozo|42\/100|[from] Recoil\n|\n|-heal|p2b: Gholdengo|55\/100|[from] item: Leftovers\n|-heal|p1a: Dondozo|48\/100|[from] item: Leftovers\n|upkeep\n|turn|4\n|-message|Dot1Q forfeited.\n|\n|win|Sbradyb\n|l|\u2606Dot1Q\n","uploadtime":1682817045,"views":12,"p1id":"dot1q","p2id":"sbradyb","formatid":"gen9vgc2023regulationc","rating":0,"private":0,"password":""}