{"id":"gen9vgc2023regulationc-1845411577","p1":"Pessopissaoyeye","p2":"damndani","format":"[Gen 9] VGC 2023 Regulation C","log":"|j|\u2606Pessopissaoyeye\n|j|\u2606damndani\n|t:|1681729707\n|gametype|doubles\n|player|p1|Pessopissaoyeye|101|1118\n|player|p2|damndani|2|1060\n|teamsize|p1|6\n|teamsize|p2|6\n|gen|9\n|tier|[Gen 9] VGC 2023 Regulation C\n|rated|\n|rule|Species Clause: Limit one of each Pok\u00e9mon\n|rule|Item Clause: Limit one of each item\n|clearpoke\n|poke|p1|Palafin, L50, F|\n|poke|p1|Arcanine, L50, M|\n|poke|p1|Amoonguss, L50, F|\n|poke|p1|Ting-Lu, L50|\n|poke|p1|Baxcalibur, L50, M|\n|poke|p1|Flutter Mane, L50|\n|poke|p2|Flutter Mane, L50|\n|poke|p2|Arcanine, L50, F|\n|poke|p2|Arboliva, L50, M|\n|poke|p2|Chi-Yu, L50|\n|poke|p2|Vivillon-Ocean, L50, M|\n|poke|p2|Gastrodon, L50, F|\n|teampreview|4\n|inactive|Battle timer is ON: inactive players will automatically lose when time's up. (requested by Pessopissaoyeye)\n|inactive|Pessopissaoyeye has 60 seconds left.\n|inactive|damndani has 60 seconds left.\n|\n|t:|1681729757\n|start\n|switch|p1a: Palafin|Palafin, L50, F|100\/100\n|switch|p1b: Baxcalibur|Baxcalibur, L50, M|100\/100\n|switch|p2a: Arcanine|Arcanine, L50, F|100\/100\n|switch|p2b: Chi-Yu|Chi-Yu, L50|100\/100\n|-ability|p2b: Chi-Yu|Beads of Ruin\n|-ability|p2a: Arcanine|Intimidate|boost\n|-unboost|p1a: Palafin|atk|1\n|-fail|p1b: Baxcalibur|unboost|[from] item: Clear Amulet|[of] p1b: Baxcalibur\n|turn|1\n|\n|t:|1681729775\n|detailschange|p1a: Palafin|Palafin-Hero, L50, F\n|switch|p1a: Ting-Lu|Ting-Lu, L50|100\/100\n|-ability|p1a: Ting-Lu|Vessel of Ruin\n|-terastallize|p2b: Chi-Yu|Dark\n|move|p2b: Chi-Yu|Dark Pulse|p1a: Ting-Lu\n|-resisted|p1a: Ting-Lu\n|-damage|p1a: Ting-Lu|81\/100\n|-damage|p2b: Chi-Yu|90\/100|[from] item: Life Orb\n|move|p2a: Arcanine|Will-O-Wisp|p1b: Baxcalibur\n|-immune|p1b: Baxcalibur|[from] ability: Thermal Exchange\n|move|p1b: Baxcalibur|Glaive Rush|p2b: Chi-Yu\n|-damage|p2b: Chi-Yu|0 fnt\n|-singlemove|p1b: Baxcalibur|Glaive Rush|[silent]\n|faint|p2b: Chi-Yu\n|\n|upkeep\n|-message|damndani forfeited.\n|\n|win|Pessopissaoyeye\n|raw|Pessopissaoyeye's rating: 1118 → 1139<\/strong> (+21 for winning)\n|raw|damndani's rating: 1060 → 1044<\/strong> (-16 for losing)\n|l|\u2606damndani\n","uploadtime":1681729800,"views":46,"p1id":"pessopissaoyeye","p2id":"damndani","formatid":"gen9vgc2023regulationc","rating":1044,"private":0,"password":""}