{"id":"gen9vgc2023regulationc-1854440100","p1":"HazeOneTrick","p2":"hit my whip","format":"[Gen 9] VGC 2023 Regulation C","log":"|j|\u2606HazeOneTrick\n|j|\u2606hit my whip\n|t:|1682811161\n|gametype|doubles\n|player|p1|HazeOneTrick|acetrainer-gen6xy|1414\n|player|p2|hit my whip|acetrainerf-gen4dp|1335\n|teamsize|p1|6\n|teamsize|p2|6\n|gen|9\n|tier|[Gen 9] VGC 2023 Regulation C\n|rated|\n|rule|Species Clause: Limit one of each Pok\u00e9mon\n|rule|Item Clause: Limit one of each item\n|clearpoke\n|poke|p1|Iron Hands, L50|\n|poke|p1|Flutter Mane, L50|\n|poke|p1|Chi-Yu, L50|\n|poke|p1|Amoonguss, L50, M|\n|poke|p1|Bronzong, L50|\n|poke|p1|Gyarados, L50, M|\n|poke|p2|Pincurchin, L50, F|\n|poke|p2|Iron Hands, L50|\n|poke|p2|Dragapult, L50, M|\n|poke|p2|Iron Jugulis, L50|\n|poke|p2|Iron Treads, L50|\n|poke|p2|Chien-Pao, L50|\n|teampreview|4\n|inactive|Battle timer is ON: inactive players will automatically lose when time's up. (requested by hit my whip)\nHazeOneTrick has agreed to open team sheets.\n|inactive|HazeOneTrick has 60 seconds left.\n|inactive|hit my whip has 60 seconds left.\n|inactive|hit my whip has 30 seconds left.\n|\n|t:|1682811227\n|start\n|switch|p1a: Iron Hands|Iron Hands, L50|100\/100\n|switch|p1b: Bronzong|Bronzong, L50|100\/100\n|switch|p2a: Dragapult|Dragapult, L50, M|100\/100\n|switch|p2b: Iron Jugulis|Iron Jugulis, L50|100\/100\n|turn|1\n|inactive|HazeOneTrick has 30 seconds left.\n|inactive|hit my whip has 30 seconds left.\n|inactive|HazeOneTrick has 20 seconds left.\n|inactive|HazeOneTrick has 15 seconds left.\n|\n|t:|1682811271\n|-terastallize|p1b: Bronzong|Water\n|move|p2a: Dragapult|U-turn|p1b: Bronzong\n|-damage|p1b: Bronzong|82\/100\n|\n|t:|1682811276\n|switch|p2a: Pincurchin|Pincurchin, L50, F|100\/100|[from] U-turn\n|-fieldstart|move: Electric Terrain|[from] ability: Electric Surge|[of] p2a: Pincurchin\n|-activate|p2b: Iron Jugulis|ability: Quark Drive\n|-start|p2b: Iron Jugulis|quarkdrivespe\n|-activate|p1a: Iron Hands|ability: Quark Drive\n|-start|p1a: Iron Hands|quarkdriveatk\n|move|p2b: Iron Jugulis|Dark Pulse|p1b: Bronzong\n|-damage|p1b: Bronzong|44\/100\n|-damage|p2b: Iron Jugulis|91\/100|[from] item: Life Orb\n|move|p1a: Iron Hands|Wild Charge|p2b: Iron Jugulis\n|-supereffective|p2b: Iron Jugulis\n|-damage|p2b: Iron Jugulis|0 fnt\n|faint|p2b: Iron Jugulis\n|-end|p2b: Iron Jugulis|Quark Drive|[silent]\n|-damage|p1a: Iron Hands|81\/100|[from] Recoil\n|move|p1b: Bronzong|Trick Room|p1b: Bronzong\n|-fieldstart|move: Trick Room|[of] p1b: Bronzong\n|\n|upkeep\n|\n|t:|1682811288\n|switch|p2b: Iron Treads|Iron Treads, L50|100\/100\n|-activate|p2b: Iron Treads|ability: Quark Drive\n|-start|p2b: Iron Treads|quarkdriveatk\n|turn|2\n|\n|t:|1682811306\n|-terastallize|p2b: Iron Treads|Ground\n|move|p2a: Pincurchin|Zing Zap|p1b: Bronzong\n|-supereffective|p1b: Bronzong\n|-crit|p1b: Bronzong\n|-damage|p1b: Bronzong|0 fnt\n|faint|p1b: Bronzong\n|move|p1a: Iron Hands|Drain Punch|p2b: Iron Treads\n|-damage|p2b: Iron Treads|49\/100\n|-heal|p1a: Iron Hands|99\/100|[from] drain|[of] p2b: Iron Treads\n|move|p2b: Iron Treads|Stomping Tantrum|p1a: Iron Hands\n|-supereffective|p1a: Iron Hands\n|-damage|p1a: Iron Hands|0 fnt\n|faint|p1a: Iron Hands\n|-end|p1a: Iron Hands|Quark Drive|[silent]\n|\n|upkeep\n|\n|t:|1682811317\n|switch|p1b: Chi-Yu|Chi-Yu, L50|100\/100\n|switch|p1a: Flutter Mane|Flutter Mane, L50|100\/100\n|-ability|p1b: Chi-Yu|Beads of Ruin\n|turn|3\n|\n|t:|1682811341\n|move|p2a: Pincurchin|Zing Zap|p1a: Flutter Mane\n|-crit|p1a: Flutter Mane\n|-damage|p1a: Flutter Mane|0 fnt\n|faint|p1a: Flutter Mane\n|-end|p1a: Flutter Mane|Protosynthesis|[silent]\n|move|p1b: Chi-Yu|Flamethrower|p2a: Pincurchin\n|-damage|p2a: Pincurchin|21\/100\n|move|p2b: Iron Treads|Stomping Tantrum|p1b: Chi-Yu\n|-supereffective|p1b: Chi-Yu\n|-damage|p1b: Chi-Yu|0 fnt\n|faint|p1b: Chi-Yu\n|\n|win|hit my whip\n|raw|HazeOneTrick's rating: 1414 → 1390<\/strong> (-24 for losing)\n|raw|hit my whip's rating: 1335 → 1359<\/strong> (+24 for winning)\n|l|\u2606hit my whip\n","uploadtime":1682811360,"views":49,"p1id":"hazeonetrick","p2id":"hitmywhip","formatid":"gen9vgc2023regulationc","rating":1359,"private":0,"password":""}