{"id":"gen9vgc2023regulationc-1849177278","p1":"MatrixCorrupt","p2":"fissureIsScripture","format":"[Gen 9] VGC 2023 Regulation C","log":"|j|\u2606MatrixCorrupt\n|j|\u2606fissureIsScripture\n|t:|1682168795\n|gametype|doubles\n|player|p1|MatrixCorrupt|lucas|\n|player|p2|fissureIsScripture|102|\n|teamsize|p1|6\n|teamsize|p2|6\n|gen|9\n|tier|[Gen 9] VGC 2023 Regulation C\n|rated|Tournament battle\n|rule|Species Clause: Limit one of each Pok\u00e9mon\n|rule|Item Clause: Limit one of each item\n|clearpoke\n|poke|p1|Annihilape, L50, M|\n|poke|p1|Amoonguss, L50, M|\n|poke|p1|Armarouge, L50, F|\n|poke|p1|Indeedee-F, L50, F|\n|poke|p1|Garchomp, L50, M|\n|poke|p1|Rotom-Wash, L50|\n|poke|p2|Arcanine, L50, M|\n|poke|p2|Iron Bundle, L50|\n|poke|p2|Great Tusk, L50|\n|poke|p2|Flutter Mane, L50|\n|poke|p2|Murkrow, L50, F|\n|poke|p2|Kingambit, L50, F|\n|teampreview|4\n|raw| Open Team Sheet for MatrixCorrupt<\/summary>Annihilape @ Aguav Berry Ability: Defiant Level: 50 Tera Type: Fairy - Drain Punch - Rage Fist - Bulk Up - Taunt Amoonguss @ Leftovers Ability: Effect Spore Level: 50 Tera Type: Water - Rage Powder - Giga Drain - Pollen Puff - Spore Armarouge @ Life Orb Ability: Flash Fire Level: 50 Tera Type: Fairy - Armor Cannon - Expanding Force - Protect - Trick Room Indeedee (Indeedee-F) (F) @ Terrain Extender Ability: Psychic Surge Level: 50 Tera Type: Dark - Dazzling Gleam - Helping Hand - Follow Me - Protect Garchomp @ Rocky Helmet Ability: Rough Skin Level: 50 Tera Type: Steel - Earthquake - Dragon Claw - Stone Edge - Protect Rotom (Rotom-Wash) @ Sitrus Berry Ability: Levitate Level: 50 Tera Type: Grass - Hydro Pump - Volt Switch - Will-O-Wisp - Protect <\/details><\/div> Open Team Sheet for fissureIsScripture<\/summary>Arcanine @ Safety Goggles Ability: Intimidate Level: 50 Tera Type: Water - Protect - Flare Blitz - Howl - Will-O-Wisp Iron Bundle @ Booster Energy Ability: Quark Drive Level: 50 Tera Type: Ghost - Protect - Hydro Pump - Icy Wind - Freeze-Dry Great Tusk @ Focus Sash Ability: Protosynthesis Level: 50 Hidden Power: Fighting Tera Type: Ground - Protect - Headlong Rush - Close Combat - Rock Slide Flutter Mane @ Choice Specs Ability: Protosynthesis Level: 50 Tera Type: Fairy - Thunderbolt - Moonblast - Shadow Ball - Dazzling Gleam Murkrow @ Eviolite Ability: Prankster Level: 50 Tera Type: Ghost - Tailwind - Sunny Day - Foul Play - Haze Kingambit @ Lum Berry Ability: Defiant Level: 50 Tera Type: Flying - Kowtow Cleave - Sucker Punch - Iron Head - Low Kick <\/details><\/div>\n|inactive|Battle timer is ON: inactive players will automatically lose when time's up. (requested by MatrixCorrupt)\n|c|\u2606MatrixCorrupt|glhf\n|j| Sir.Ghandin\n|inactive|fissureIsScripture has 60 seconds left.\n|inactive|fissureIsScripture has 30 seconds left.\n|inactive|fissureIsScripture has 20 seconds left.\n|\n|t:|1682168866\n|start\n|switch|p1a: Armarouge|Armarouge, L50, F|100\/100\n|switch|p1b: Indeedee|Indeedee-F, L50, F|100\/100\n|switch|p2a: Flutter Mane|Flutter Mane, L50|100\/100\n|switch|p2b: Kingambit|Kingambit, L50, F|100\/100\n|-fieldstart|move: Psychic Terrain|[from] ability: Psychic Surge|[of] p1b: Indeedee\n|turn|1\n|inactive|fissureIsScripture has 30 seconds left.\n|\n|t:|1682168895\n|switch|p1a: Garchomp|Garchomp, L50, M|100\/100\n|switch|p2b: Arcanine|Arcanine, L50, M|100\/100\n|-ability|p2b: Arcanine|Intimidate|boost\n|-unboost|p1a: Garchomp|atk|1\n|-unboost|p1b: Indeedee|atk|1\n|move|p1b: Indeedee|Protect|p1b: Indeedee\n|-singleturn|p1b: Indeedee|Protect\n|move|p2a: Flutter Mane|Dazzling Gleam|p1a: Garchomp|[spread] p1a\n|-activate|p1b: Indeedee|move: Protect\n|-supereffective|p1a: Garchomp\n|-damage|p1a: Garchomp|8\/100\n|\n|upkeep\n|turn|2\n|l| Sir.Ghandin\n|j| Sir.Ghandin\n|inactive|fissureIsScripture has 30 seconds left.\n|\n|t:|1682168929\n|move|p1b: Indeedee|Follow Me|p1b: Indeedee\n|-singleturn|p1b: Indeedee|move: Follow Me\n|move|p2a: Flutter Mane|Dazzling Gleam|p1a: Garchomp|[spread] p1a,p1b\n|-supereffective|p1a: Garchomp\n|-damage|p1a: Garchomp|0 fnt\n|-damage|p1b: Indeedee|59\/100\n|faint|p1a: Garchomp\n|move|p2b: Arcanine|Flare Blitz|p1b: Indeedee\n|-damage|p1b: Indeedee|0 fnt\n|faint|p1b: Indeedee\n|-damage|p2b: Arcanine|83\/100|[from] Recoil\n|\n|upkeep\n|\n|t:|1682168937\n|switch|p1a: Annihilape|Annihilape, L50, M|100\/100\n|switch|p1b: Armarouge|Armarouge, L50, F|100\/100\n|turn|3\n|j| ferdidekanto\n|inactive|fissureIsScripture has 30 seconds left.\n|\n|t:|1682168964\n|-terastallize|p1b: Armarouge|Fairy\n|move|p2a: Flutter Mane|Dazzling Gleam|p1b: Armarouge|[spread] p1a,p1b\n|-supereffective|p1a: Annihilape\n|-damage|p1a: Annihilape|25\/100\n|-damage|p1b: Armarouge|57\/100\n|-enditem|p1a: Annihilape|Aguav Berry|[eat]\n|-heal|p1a: Annihilape|58\/100|[from] item: Aguav Berry\n|move|p2b: Arcanine|Will-O-Wisp|p1a: Annihilape\n|-status|p1a: Annihilape|brn\n|move|p1a: Annihilape|Drain Punch|p2b: Arcanine\n|-damage|p2b: Arcanine|62\/100\n|-heal|p1a: Annihilape|67\/100 brn|[from] drain|[of] p2b: Arcanine\n|move|p1b: Armarouge|Expanding Force|p2b: Arcanine|[spread] p2a,p2b\n|-damage|p2a: Flutter Mane|23\/100\n|-damage|p2b: Arcanine|0 fnt\n|faint|p2b: Arcanine\n|-damage|p1b: Armarouge|47\/100|[from] item: Life Orb\n|\n|-damage|p1a: Annihilape|61\/100 brn|[from] brn\n|upkeep\n|\n|t:|1682168981\n|switch|p2b: Kingambit|Kingambit, L50, F|100\/100\n|turn|4\n|\n|t:|1682168991\n|-terastallize|p2a: Flutter Mane|Fairy\n|move|p1b: Armarouge|Protect|p1b: Armarouge\n|-singleturn|p1b: Armarouge|Protect\n|move|p2a: Flutter Mane|Dazzling Gleam|p1a: Annihilape|[spread] p1a\n|-activate|p1b: Armarouge|move: Protect\n|-supereffective|p1a: Annihilape\n|-damage|p1a: Annihilape|0 fnt\n|faint|p1a: Annihilape\n|move|p2b: Kingambit|Iron Head|p1b: Armarouge\n|-activate|p1b: Armarouge|move: Protect\n|\n|upkeep\n|turn|5\n|\n|t:|1682169002\n|move|p2a: Flutter Mane|Dazzling Gleam|p1b: Armarouge\n|-damage|p1b: Armarouge|0 fnt\n|faint|p1b: Armarouge\n|\n|win|fissureIsScripture\n|n|\u2606MatrixCorrupt|matrixcorrupt\n|n|\u2606fissureIsScripture|fissureisscripture\n|n| Sir.Ghandin|sirghandin\n|n| ferdidekanto|ferdidekanto\n","uploadtime":1682169003,"views":4,"p1id":"matrixcorrupt","p2id":"fissureisscripture","formatid":"gen9vgc2023regulationc","rating":0,"private":0,"password":""}