{"id":"gen9vgc2023regulationc-1848321971","p1":"Hdjdi88","p2":"Ytterby","format":"[Gen 9] VGC 2023 Regulation C","log":"|j|\u2606Hdjdi88\n|j|\u2606Ytterby\n|t:|1682060216\n|gametype|doubles\n|player|p1|Hdjdi88|102|1042\n|player|p2|Ytterby|2|1141\n|teamsize|p1|6\n|teamsize|p2|6\n|gen|9\n|tier|[Gen 9] VGC 2023 Regulation C\n|rated|\n|rule|Species Clause: Limit one of each Pok\u00e9mon\n|rule|Item Clause: Limit one of each item\n|clearpoke\n|poke|p1|Lycanroc-Midnight, L50, M|\n|poke|p1|Umbreon, L50, F|\n|poke|p1|Ting-Lu, L50|\n|poke|p1|Amoonguss, L50, M|\n|poke|p1|Abomasnow, L50, M|\n|poke|p1|Gengar, L50, F|\n|poke|p2|Flutter Mane, L50|\n|poke|p2|Arcanine, L50, M|\n|poke|p2|Torkoal, L50, F|\n|poke|p2|Maushold, L50|\n|poke|p2|Annihilape, L50, F|\n|poke|p2|Dragonite, L50, M|\n|teampreview|4\n|inactive|Battle timer is ON: inactive players will automatically lose when time's up. (requested by Hdjdi88)\n|\n|t:|1682060252\n|start\n|switch|p1a: Gengar|Gengar, L50, F|100\/100\n|switch|p1b: Lycanroc|Lycanroc-Midnight, L50, M|100\/100\n|switch|p2a: Maushold|Maushold, L50|100\/100\n|switch|p2b: Annihilape|Annihilape, L50, F|100\/100\n|turn|1\n|\n|t:|1682060268\n|move|p2b: Annihilape|Close Combat|p1b: Lycanroc\n|-supereffective|p1b: Lycanroc\n|-damage|p1b: Lycanroc|0 fnt\n|-unboost|p2b: Annihilape|def|1\n|-unboost|p2b: Annihilape|spd|1\n|-damage|p2b: Annihilape|84\/100|[from] item: Rocky Helmet|[of] p1b: Lycanroc\n|faint|p1b: Lycanroc\n|move|p2a: Maushold|Bite|p1a: Gengar\n|-supereffective|p1a: Gengar\n|-damage|p1a: Gengar|21\/100\n|move|p1a: Gengar|Skill Swap|p1: Lycanroc|[notarget]\n|-fail|p1a: Gengar\n|\n|upkeep\n|inactive|Hdjdi88 has 30 seconds left.\n|inactive|Hdjdi88 has 20 seconds left.\n|inactive|Hdjdi88 has 15 seconds left.\n|inactive|Hdjdi88 has 10 seconds left.\n|inactive|Hdjdi88 has 5 seconds left.\n|\n|t:|1682060323\n|switch|p1b: Abomasnow|Abomasnow, L50, M|100\/100\n|-weather|Snow|[from] ability: Snow Warning|[of] p1b: Abomasnow\n|turn|2\n|c|\u2606Ytterby|\u1559\u2060(\u2060\u00a0\u0361\u2060\u00b0\u2060\u00a0\u035c\u2060\u0296\u2060\u00a0\u0361\u2060\u00b0\u2060)\u2060\u1557\n|inactive|Hdjdi88 has 30 seconds left.\n|inactive|Ytterby has 30 seconds left.\n|inactive|Hdjdi88 has 20 seconds left.\n|inactive|Hdjdi88 has 15 seconds left.\n|inactive|Hdjdi88 has 10 seconds left.\n|inactive|Hdjdi88 has 5 seconds left.\n|\n|t:|1682060378\n|move|p2b: Annihilape|Close Combat|p1b: Abomasnow\n|-supereffective|p1b: Abomasnow\n|-damage|p1b: Abomasnow|6\/100\n|-unboost|p2b: Annihilape|def|1\n|-unboost|p2b: Annihilape|spd|1\n|move|p1b: Abomasnow|Sheer Cold|p2b: Annihilape|[miss]\n|-miss|p1b: Abomasnow|p2b: Annihilape\n|move|p2a: Maushold|Bite|p1a: Gengar\n|-supereffective|p1a: Gengar\n|-damage|p1a: Gengar|0 fnt\n|-start|p2a: Maushold|Disable|Bite|[from] ability: Cursed Body|[of] p1a: Gengar\n|faint|p1a: Gengar\n|\n|-weather|Snow|[upkeep]\n|upkeep\n|inactive|Hdjdi88 has 30 seconds left.\n|inactive|Hdjdi88 has 20 seconds left.\n|inactive|Hdjdi88 has 15 seconds left.\n|inactive|Hdjdi88 has 10 seconds left.\n|inactive|Hdjdi88 has 5 seconds left.\n|\n|t:|1682060433\n|switch|p1a: Amoonguss|Amoonguss, L50, M|100\/100\n|turn|3\n|inactive|Hdjdi88 has 30 seconds left.\n|inactive|Ytterby has 30 seconds left.\n|inactive|Hdjdi88 has 20 seconds left.\n|inactive|Hdjdi88 has 15 seconds left.\n|inactive|Hdjdi88 has 10 seconds left.\n|inactive|Hdjdi88 has 5 seconds left.\n|\n|t:|1682060488\n|move|p2b: Annihilape|Close Combat|p1b: Abomasnow\n|-supereffective|p1b: Abomasnow\n|-damage|p1b: Abomasnow|0 fnt\n|-unboost|p2b: Annihilape|def|1\n|-unboost|p2b: Annihilape|spd|1\n|faint|p1b: Abomasnow\n|move|p2a: Maushold|Population Bomb|p1a: Amoonguss\n|-damage|p1a: Amoonguss|91\/100\n|-damage|p1a: Amoonguss|82\/100\n|-damage|p1a: Amoonguss|74\/100\n|-damage|p1a: Amoonguss|64\/100\n|-damage|p1a: Amoonguss|54\/100\n|-damage|p1a: Amoonguss|46\/100\n|-enditem|p1a: Amoonguss|Sitrus Berry|[eat]\n|-heal|p1a: Amoonguss|71\/100|[from] item: Sitrus Berry\n|-damage|p1a: Amoonguss|62\/100\n|-damage|p1a: Amoonguss|52\/100\n|-damage|p1a: Amoonguss|43\/100\n|-damage|p1a: Amoonguss|33\/100\n|-hitcount|p1a: Amoonguss|10\n|move|p1a: Amoonguss|Spore|p2b: Annihilape\n|-status|p2b: Annihilape|slp|[from] move: Spore\n|\n|-weather|Snow|[upkeep]\n|upkeep\n|turn|4\n|inactive|Hdjdi88 has 30 seconds left.\n|inactive|Ytterby has 30 seconds left.\n|inactive|Hdjdi88 has 20 seconds left.\n|inactive|Hdjdi88 has 15 seconds left.\n|inactive|Hdjdi88 has 10 seconds left.\n|inactive|Hdjdi88 has 5 seconds left.\n|\n|t:|1682060543\n|cant|p2b: Annihilape|slp\n|move|p2a: Maushold|Population Bomb|p1a: Amoonguss\n|-damage|p1a: Amoonguss|23\/100\n|-damage|p1a: Amoonguss|13\/100\n|-damage|p1a: Amoonguss|4\/100\n|-damage|p1a: Amoonguss|0 fnt\n|faint|p1a: Amoonguss\n|-hitcount|p1: Amoonguss|4\n|\n|win|Ytterby\n|raw|Hdjdi88's rating: 1012 → 1004<\/strong> (-8 for losing)\n|raw|Ytterby's rating: 1141 → 1157<\/strong> (+16 for winning)\n","uploadtime":1682060572,"views":11,"p1id":"hdjdi88","p2id":"ytterby","formatid":"gen9vgc2023regulationc","rating":1004,"private":0,"password":""}