{"id":"gen9vgc2023regulationc-1848071032","p1":"Cyberdevil","p2":"A_Wild_Ymir","format":"[Gen 9] VGC 2023 Regulation C","log":"|j|\u2606Cyberdevil\n|j|\u2606A_Wild_Ymir\n|t:|1682026411\n|gametype|doubles\n|player|p1|Cyberdevil|pokekid|1169\n|player|p2|A_Wild_Ymir|pokemonbreeder-gen4|1117\n|teamsize|p1|6\n|teamsize|p2|6\n|gen|9\n|tier|[Gen 9] VGC 2023 Regulation C\n|rated|\n|rule|Species Clause: Limit one of each Pok\u00e9mon\n|rule|Item Clause: Limit one of each item\n|clearpoke\n|poke|p1|Chi-Yu, L50|\n|poke|p1|Dachsbun, L50, F|\n|poke|p1|Dragonite, L50, M|\n|poke|p1|Flutter Mane, L50|\n|poke|p1|Chien-Pao, L50|\n|poke|p1|Azumarill, L50, M|\n|poke|p2|Flutter Mane, L50|\n|poke|p2|Kingambit, L50, F|\n|poke|p2|Dragonite, L50, F|\n|poke|p2|Amoonguss, L50, F|\n|poke|p2|Iron Bundle, L50|\n|poke|p2|Arcanine, L50, F|\n|teampreview|4\n|inactive|Battle timer is ON: inactive players will automatically lose when time's up. (requested by A_Wild_Ymir)\n|inactive|A_Wild_Ymir has 60 seconds left.\n|\n|t:|1682026443\n|start\n|switch|p1a: Incinerator|Chi-Yu, L50|100\/100\n|switch|p1b: Harbinger|Dachsbun, L50, F|100\/100\n|switch|p2a: Iron Bundle|Iron Bundle, L50|100\/100\n|switch|p2b: Flutter Mane|Flutter Mane, L50|100\/100\n|-ability|p1a: Incinerator|Beads of Ruin\n|-enditem|p2a: Iron Bundle|Booster Energy\n|-activate|p2a: Iron Bundle|ability: Quark Drive|[fromitem]\n|-start|p2a: Iron Bundle|quarkdrivespe\n|turn|1\n|\n|t:|1682026463\n|-terastallize|p1a: Incinerator|Ghost\n|-terastallize|p2b: Flutter Mane|Fairy\n|move|p2a: Iron Bundle|Hydro Pump|p1a: Incinerator|[miss]\n|-miss|p2a: Iron Bundle|p1a: Incinerator\n|move|p1a: Incinerator|Lava Plume|p2b: Flutter Mane|[spread] p2a,p2b\n|-ability|p1b: Harbinger|Well-Baked Body|boost\n|-boost|p1b: Harbinger|def|2\n|-damage|p2a: Iron Bundle|21\/100\n|-damage|p2b: Flutter Mane|59\/100\n|-status|p2a: Iron Bundle|brn\n|-status|p2b: Flutter Mane|brn\n|move|p2b: Flutter Mane|Dazzling Gleam|p1a: Incinerator|[spread] p1a,p1b\n|-damage|p1a: Incinerator|26\/100\n|-damage|p1b: Harbinger|30\/100\n|move|p1b: Harbinger|Body Press|p2a: Iron Bundle\n|-supereffective|p2a: Iron Bundle\n|-damage|p2a: Iron Bundle|0 fnt\n|faint|p2a: Iron Bundle\n|-end|p2a: Iron Bundle|Quark Drive|[silent]\n|\n|-heal|p1b: Harbinger|36\/100|[from] item: Leftovers\n|-damage|p2b: Flutter Mane|53\/100 brn|[from] brn\n|upkeep\n|inactive|A_Wild_Ymir has 30 seconds left.\n|\n|t:|1682026492\n|switch|p2a: Amoonguss|Amoonguss, L50, F|100\/100\n|turn|2\n|\n|t:|1682026500\n|move|p1b: Harbinger|Protect|p1b: Harbinger\n|-singleturn|p1b: Harbinger|Protect\n|move|p2a: Amoonguss|Protect|p2a: Amoonguss\n|-singleturn|p2a: Amoonguss|Protect\n|move|p1a: Incinerator|Lava Plume|p2a: Amoonguss|[spread] p2b\n|-activate|p1b: Harbinger|move: Protect\n|-activate|p2a: Amoonguss|move: Protect\n|-damage|p2b: Flutter Mane|9\/100 brn\n|move|p2b: Flutter Mane|Dazzling Gleam|p1b: Harbinger|[spread] p1a\n|-activate|p1b: Harbinger|move: Protect\n|-damage|p1a: Incinerator|0 fnt\n|faint|p1a: Incinerator\n|\n|-heal|p1b: Harbinger|42\/100|[from] item: Leftovers\n|-damage|p2b: Flutter Mane|3\/100 brn|[from] brn\n|upkeep\n|inactive|Cyberdevil has 30 seconds left.\n|inactive|Cyberdevil has 20 seconds left.\n|\n|t:|1682026536\n|switch|p1a: Reaper|Flutter Mane, L50|100\/100\n|-enditem|p1a: Reaper|Booster Energy\n|-activate|p1a: Reaper|ability: Protosynthesis|[fromitem]\n|-start|p1a: Reaper|protosynthesisspe\n|turn|3\n|inactive|Cyberdevil has 30 seconds left.\n|\n|t:|1682026565\n|move|p2a: Amoonguss|Rage Powder|p2a: Amoonguss\n|-singleturn|p2a: Amoonguss|move: Rage Powder\n|move|p1a: Reaper|Dazzling Gleam|p2b: Flutter Mane|[spread] p2a,p2b\n|-resisted|p2a: Amoonguss\n|-damage|p2a: Amoonguss|87\/100\n|-damage|p2b: Flutter Mane|0 fnt\n|faint|p2b: Flutter Mane\n|-end|p2b: Flutter Mane|Protosynthesis|[silent]\n|move|p1b: Harbinger|Yawn|p2a: Amoonguss\n|-start|p2a: Amoonguss|move: Yawn|[of] p1b: Harbinger\n|\n|-heal|p1b: Harbinger|48\/100|[from] item: Leftovers\n|upkeep\n|\n|t:|1682026570\n|switch|p2b: Dragonite|Dragonite, L50, F|100\/100\n|turn|4\n|-message|A_Wild_Ymir forfeited.\n|\n|win|Cyberdevil\n|raw|Cyberdevil's rating: 1169 → 1190<\/strong> (+21 for winning)\n|raw|A_Wild_Ymir's rating: 1117 → 1096<\/strong> (-21 for losing)\n|l|\u2606A_Wild_Ymir\n","uploadtime":1682026589,"views":4,"p1id":"cyberdevil","p2id":"awildymir","formatid":"gen9vgc2023regulationc","rating":1096,"private":0,"password":""}