{"id":"gen9vgc2023regulationc-1857813963","p1":"Breakaway97","p2":"helga146","format":"[Gen 9] VGC 2023 Regulation C","log":"|j|\u2606Breakaway97\n|j|\u2606helga146\n|t:|1683234536\n|gametype|doubles\n|player|p1|Breakaway97|clair|1176\n|player|p2|helga146|red-masters|1276\n|teamsize|p1|6\n|teamsize|p2|6\n|gen|9\n|tier|[Gen 9] VGC 2023 Regulation C\n|rated|\n|rule|Species Clause: Limit one of each Pok\u00e9mon\n|rule|Item Clause: Limit one of each item\n|clearpoke\n|poke|p1|Dragonite, L50, M|\n|poke|p1|Chien-Pao, L50|\n|poke|p1|Talonflame, L50, M|\n|poke|p1|Great Tusk, L50|\n|poke|p1|Flutter Mane, L50|\n|poke|p1|Iron Bundle, L50|\n|poke|p2|Iron Treads, L50|\n|poke|p2|Iron Jugulis, L50|\n|poke|p2|Pelipper, L50, M|\n|poke|p2|Palafin, L50, F|\n|poke|p2|Bellibolt, L50, M|\n|poke|p2|Amoonguss, L50, M|\n|teampreview|4\nhelga146 has agreed to open team sheets.\nBreakaway97 has agreed to open team sheets.\n|\n|t:|1683234592\n|start\n|switch|p1a: Talonflame|Talonflame, L50, M|100\/100\n|switch|p1b: Iron Bundle|Iron Bundle, L50|100\/100\n|switch|p2a: Pepsi Man|Palafin, L50, F|100\/100\n|switch|p2b: Where am I?|Bellibolt, L50, M|100\/100\n|-enditem|p1b: Iron Bundle|Booster Energy\n|-activate|p1b: Iron Bundle|ability: Quark Drive|[fromitem]\n|-start|p1b: Iron Bundle|quarkdrivespe\n|turn|1\n|\n|t:|1683234615\n|detailschange|p2a: Pepsi Man|Palafin-Hero, L50, F\n|switch|p2a: #TeamCanada|Iron Treads, L50|100\/100\n|-enditem|p2a: #TeamCanada|Booster Energy\n|-activate|p2a: #TeamCanada|ability: Quark Drive|[fromitem]\n|-start|p2a: #TeamCanada|quarkdriveatk\n|-terastallize|p1b: Iron Bundle|Ice\n|move|p1a: Talonflame|Brave Bird|p2b: Where am I?\n|-resisted|p2b: Where am I?\n|-damage|p2b: Where am I?|73\/100\n|-start|p2b: Where am I?|Charge|Brave Bird|[from] ability: Electromorphosis\n|-damage|p1a: Talonflame|88\/100|[from] Recoil\n|move|p1b: Iron Bundle|Freeze-Dry|p2b: Where am I?\n|-damage|p2b: Where am I?|48\/100\n|-start|p2b: Where am I?|Charge|Freeze-Dry|[from] ability: Electromorphosis\n|move|p2b: Where am I?|Parabolic Charge|p1a: Talonflame|[spread] p1a,p1b\n|-immune|p2a: #TeamCanada\n|-supereffective|p1a: Talonflame\n|-damage|p1a: Talonflame|0 fnt\n|-heal|p2b: Where am I?|80\/100|[from] drain|[of] p1a: Talonflame\n|-damage|p1b: Iron Bundle|25\/100\n|-heal|p2b: Where am I?|100\/100|[from] drain|[of] p1b: Iron Bundle\n|faint|p1a: Talonflame\n|-end|p2b: Where am I?|Charge|[silent]\n|\n|upkeep\n|\n|t:|1683234637\n|switch|p1a: Dragonite|Dragonite, L50, M, shiny|100\/100\n|turn|2\n|\n|t:|1683234652\n|move|p2a: #TeamCanada|Protect|p2a: #TeamCanada\n|-singleturn|p2a: #TeamCanada|Protect\n|move|p1a: Dragonite|Extreme Speed|p2b: Where am I?\n|-damage|p2b: Where am I?|60\/100\n|-start|p2b: Where am I?|Charge|Extreme Speed|[from] ability: Electromorphosis\n|move|p1b: Iron Bundle|Freeze-Dry|p2a: #TeamCanada\n|-activate|p2a: #TeamCanada|move: Protect\n|move|p2b: Where am I?|Parabolic Charge|p1a: Dragonite|[spread] p1a,p1b\n|-activate|p2a: #TeamCanada|move: Protect\n|-damage|p1a: Dragonite|59\/100\n|-heal|p2b: Where am I?|79\/100|[from] drain|[of] p1a: Dragonite\n|-damage|p1b: Iron Bundle|0 fnt\n|-heal|p2b: Where am I?|88\/100|[from] drain|[of] p1b: Iron Bundle\n|faint|p1b: Iron Bundle\n|-end|p1b: Iron Bundle|Quark Drive|[silent]\n|-end|p2b: Where am I?|Charge|[silent]\n|\n|upkeep\n|c|\u2606Breakaway97|what is this shit camoon\n|\n|t:|1683234670\n|switch|p1b: Chien-Pao|Chien-Pao, L50|100\/100\n|-ability|p1b: Chien-Pao|Sword of Ruin\n|turn|3\n|\n|t:|1683234687\n|move|p1a: Dragonite|Extreme Speed|p2b: Where am I?\n|-damage|p2b: Where am I?|34\/100\n|-start|p2b: Where am I?|Charge|Extreme Speed|[from] ability: Electromorphosis\n|move|p1b: Chien-Pao|Sacred Sword|p2a: #TeamCanada\n|-supereffective|p2a: #TeamCanada\n|-damage|p2a: #TeamCanada|28\/100\n|move|p2a: #TeamCanada|Iron Head|p1b: Chien-Pao\n|-supereffective|p1b: Chien-Pao\n|-enditem|p1b: Chien-Pao|Focus Sash\n|-damage|p1b: Chien-Pao|1\/100\n|move|p2b: Where am I?|Parabolic Charge|p1b: Chien-Pao|[spread] p1a,p1b\n|-immune|p2a: #TeamCanada\n|-damage|p1a: Dragonite|21\/100\n|-heal|p2b: Where am I?|51\/100|[from] drain|[of] p1a: Dragonite\n|-damage|p1b: Chien-Pao|0 fnt\n|-heal|p2b: Where am I?|51\/100|[from] drain|[of] p1b: Chien-Pao\n|faint|p1b: Chien-Pao\n|-end|p2b: Where am I?|Charge|[silent]\n|\n|upkeep\n|turn|4\n|-message|Breakaway97 forfeited.\n|\n|win|helga146\n|raw|Breakaway97's rating: 1176 → 1158<\/strong> (-18 for losing)\n|raw|helga146's rating: 1276 → 1294<\/strong> (+18 for winning)\n|l|\u2606Breakaway97\n|c|\u2606helga146|gg\n","uploadtime":1683234712,"views":13,"p1id":"breakaway97","p2id":"helga146","formatid":"gen9vgc2023regulationc","rating":1158,"private":0,"password":""}