{"id":"gen9vgc2023regulationc-1859598922","p1":"zippLapZapper","p2":"SharpedoHero","format":"[Gen 9] VGC 2023 Regulation C","log":"|j|\u2606zippLapZapper\n|j|\u2606SharpedoHero\n|t:|1683547180\n|gametype|doubles\n|player|p1|zippLapZapper|hilbert-wonderlauncher|1405\n|player|p2|SharpedoHero|striker|1420\n|teamsize|p1|6\n|teamsize|p2|6\n|gen|9\n|tier|[Gen 9] VGC 2023 Regulation C\n|rated|\n|rule|Species Clause: Limit one of each Pok\u00e9mon\n|rule|Item Clause: Limit one of each item\n|clearpoke\n|poke|p1|Garchomp, L50, M|\n|poke|p1|Talonflame, L50, M|\n|poke|p1|Flutter Mane, L50|\n|poke|p1|Iron Bundle, L50|\n|poke|p1|Chien-Pao, L50|\n|poke|p1|Tyranitar, L50, M|\n|poke|p2|Ceruledge, L50, M|\n|poke|p2|Abomasnow, L50, M|\n|poke|p2|Iron Hands, L50|\n|poke|p2|Iron Bundle, L50|\n|poke|p2|Maushold, L50|\n|poke|p2|Gholdengo, L50|\n|teampreview|4\n|j| EV4Ever\nzippLapZapper has agreed to open team sheets.\nSharpedoHero has agreed to open team sheets.\n|inactive|Battle timer is ON: inactive players will automatically lose when time's up. (requested by zippLapZapper)\n|\n|t:|1683547232\n|start\n|switch|p1a: Talonflame|Talonflame, L50, M|100\/100\n|switch|p1b: Garchomp|Garchomp, L50, M|100\/100\n|switch|p2a: Gholdengo|Gholdengo, L50|100\/100\n|switch|p2b: Maushold|Maushold, L50|100\/100\n|turn|1\n|inactive|SharpedoHero has 30 seconds left.\n|\n|t:|1683547261\n|-terastallize|p1b: Garchomp|Steel\n|-terastallize|p2a: Gholdengo|Water\n|move|p1a: Talonflame|Taunt|p2b: Maushold\n|-start|p2b: Maushold|move: Taunt\n|move|p1b: Garchomp|Earthquake|p2a: Gholdengo|[spread] p2a,p2b\n|-immune|p1a: Talonflame\n|-damage|p2a: Gholdengo|74\/100\n|-damage|p2b: Maushold|63\/100\n|move|p2b: Maushold|Super Fang|p1b: Garchomp\n|-damage|p1b: Garchomp|51\/100\n|-damage|p2b: Maushold|51\/100|[from] ability: Rough Skin|[of] p1b: Garchomp\n|move|p2a: Gholdengo|Tera Blast|p1a: Talonflame\n|-supereffective|p1a: Talonflame\n|-damage|p1a: Talonflame|0 fnt\n|faint|p1a: Talonflame\n|\n|upkeep\n|\n|t:|1683547277\n|switch|p1a: Flutter Mane|Flutter Mane, L50|100\/100\n|turn|2\n|\n|t:|1683547297\n|move|p1a: Flutter Mane|Dazzling Gleam|p2a: Gholdengo|[spread] p2a,p2b\n|-damage|p2a: Gholdengo|40\/100\n|-damage|p2b: Maushold|3\/100\n|-enditem|p2a: Gholdengo|Sitrus Berry|[eat]\n|-heal|p2a: Gholdengo|65\/100|[from] item: Sitrus Berry\n|move|p1b: Garchomp|Dragon Claw|p2a: Gholdengo\n|-damage|p2a: Gholdengo|35\/100\n|move|p2b: Maushold|Super Fang|p1b: Garchomp\n|-damage|p1b: Garchomp|26\/100\n|-damage|p2b: Maushold|0 fnt|[from] ability: Rough Skin|[of] p1b: Garchomp\n|faint|p2b: Maushold\n|move|p2a: Gholdengo|Make It Rain|p1b: Garchomp|[spread] p1a,p1b\n|-supereffective|p1a: Flutter Mane\n|-resisted|p1b: Garchomp\n|-damage|p1a: Flutter Mane|15\/100\n|-damage|p1b: Garchomp|0 fnt\n|-unboost|p2a: Gholdengo|spa|1\n|faint|p1b: Garchomp\n|\n|upkeep\n|\n|t:|1683547316\n|switch|p1b: Chien-Pao|Chien-Pao, L50|100\/100\n|switch|p2b: Iron Bundle|Iron Bundle, L50|100\/100\n|-ability|p1b: Chien-Pao|Sword of Ruin\n|turn|3\n|inactive|zippLapZapper has 30 seconds left.\n|\n|t:|1683547344\n|switch|p2a: Abomasnow|Abomasnow, L50, M|100\/100\n|-weather|Snow|[from] ability: Snow Warning|[of] p2a: Abomasnow\n|move|p1b: Chien-Pao|Sucker Punch||[still]\n|-fail|p1b: Chien-Pao\n|move|p2b: Iron Bundle|Blizzard|p1b: Chien-Pao|[spread] p1a,p1b\n|-resisted|p1b: Chien-Pao\n|-damage|p1a: Flutter Mane|0 fnt\n|-damage|p1b: Chien-Pao|54\/100\n|faint|p1a: Flutter Mane\n|-end|p1a: Flutter Mane|Protosynthesis|[silent]\n|\n|-weather|Snow|[upkeep]\n|upkeep\n|turn|4\n|c|\u2606zippLapZapper|:( gg\n|\n|t:|1683547353\n|move|p2b: Iron Bundle|Blizzard|p1b: Chien-Pao\n|-resisted|p1b: Chien-Pao\n|-crit|p1b: Chien-Pao\n|-damage|p1b: Chien-Pao|0 fnt\n|faint|p1b: Chien-Pao\n|\n|win|SharpedoHero\n|raw|zippLapZapper's rating: 1405 → 1386<\/strong> (-19 for losing)\n|raw|SharpedoHero's rating: 1420 → 1439<\/strong> (+19 for winning)\n|l| EV4Ever\n","uploadtime":1683547367,"views":6,"p1id":"zipplapzapper","p2id":"sharpedohero","formatid":"gen9vgc2023regulationc","rating":1386,"private":0,"password":""}