{"id":"gen9vgc2023regulationc-1850331604","p1":"Valkenhine","p2":"Groovyjohne","format":"[Gen 9] VGC 2023 Regulation C","log":"|j|\u2606Valkenhine\n|j|\u2606Groovyjohne\n|t:|1682319564\n|gametype|doubles\n|player|p1|Valkenhine|koga|1159\n|player|p2|Groovyjohne|265|1145\n|teamsize|p1|6\n|teamsize|p2|6\n|gen|9\n|tier|[Gen 9] VGC 2023 Regulation C\n|rated|\n|rule|Species Clause: Limit one of each Pok\u00e9mon\n|rule|Item Clause: Limit one of each item\n|clearpoke\n|poke|p1|Torkoal, L50, M|\n|poke|p1|Lilligant, L50, F|\n|poke|p1|Chi-Yu, L50|\n|poke|p1|Armarouge, L50, M|\n|poke|p1|Indeedee-F, L50, F|\n|poke|p1|Flutter Mane, L50|\n|poke|p2|Zoroark, L50, F|\n|poke|p2|Flutter Mane, L50|\n|poke|p2|Murkrow, L50, F|\n|poke|p2|Iron Bundle, L50|\n|poke|p2|Great Tusk, L50|\n|poke|p2|Chi-Yu, L50|\n|teampreview|4\n|inactive|Battle timer is ON: inactive players will automatically lose when time's up. (requested by Valkenhine)\n|\n|t:|1682319590\n|start\n|switch|p1a: Torkoal|Torkoal, L50, M|100\/100\n|switch|p1b: Lilligant|Lilligant, L50, F|100\/100\n|switch|p2a: Iron Bundle|Iron Bundle, L50|100\/100\n|switch|p2b: Great Tusk|Great Tusk, L50|100\/100\n|-weather|SunnyDay|[from] ability: Drought|[of] p1a: Torkoal\n|-activate|p2b: Great Tusk|ability: Protosynthesis\n|-start|p2b: Great Tusk|protosynthesisatk\n|-enditem|p2a: Iron Bundle|Booster Energy\n|-activate|p2a: Iron Bundle|ability: Quark Drive|[fromitem]\n|-start|p2a: Iron Bundle|quarkdrivespe\n|turn|1\n|\n|t:|1682319610\n|-terastallize|p2b: Great Tusk|Fire\n|move|p1b: Lilligant|After You|p1a: Torkoal\n|-activate|p1a: Torkoal|move: After You\n|move|p1a: Torkoal|Eruption|p2b: Great Tusk|[spread] p2a,p2b\n|-resisted|p2b: Great Tusk\n|-damage|p2a: Iron Bundle|0 fnt\n|-damage|p2b: Great Tusk|16\/100\n|faint|p2a: Iron Bundle\n|-end|p2a: Iron Bundle|Quark Drive|[silent]\n|move|p2b: Great Tusk|Headlong Rush|p1a: Torkoal\n|-supereffective|p1a: Torkoal\n|-damage|p1a: Torkoal|0 fnt\n|-unboost|p2b: Great Tusk|def|1\n|-unboost|p2b: Great Tusk|spd|1\n|faint|p1a: Torkoal\n|\n|-weather|SunnyDay|[upkeep]\n|upkeep\n|\n|t:|1682319628\n|switch|p2a: Chi-Yu|Chi-Yu, L50|100\/100\n|switch|p1a: Flutter Mane|Flutter Mane, L50|100\/100\n|-ability|p2a: Chi-Yu|Beads of Ruin\n|-activate|p1a: Flutter Mane|ability: Protosynthesis\n|-start|p1a: Flutter Mane|protosynthesisspa\n|turn|2\n|\n|t:|1682319639\n|-end|p2b: Great Tusk|Protosynthesis|[silent]\n|switch|p2b: Flutter Mane|Flutter Mane, L50|100\/100\n|-activate|p2b: Flutter Mane|ability: Protosynthesis\n|-start|p2b: Flutter Mane|protosynthesisspe\n|move|p1b: Lilligant|Sleep Powder|p2a: Chi-Yu\n|-status|p2a: Chi-Yu|slp|[from] move: Sleep Powder\n|cant|p2a: Chi-Yu|slp\n|move|p1a: Flutter Mane|Dazzling Gleam|p2b: Flutter Mane|[spread] p2a,p2b\n|-damage|p2a: Chi-Yu|34\/100 slp\n|-damage|p2b: Flutter Mane|11\/100\n|-damage|p1a: Flutter Mane|90\/100|[from] item: Life Orb\n|\n|-weather|SunnyDay|[upkeep]\n|upkeep\n|turn|3\n|\n|t:|1682319657\n|move|p1b: Lilligant|Sleep Powder|p2b: Flutter Mane\n|-status|p2b: Flutter Mane|slp|[from] move: Sleep Powder\n|cant|p2b: Flutter Mane|slp\n|cant|p2a: Chi-Yu|slp\n|move|p1a: Flutter Mane|Dazzling Gleam|p2a: Chi-Yu|[spread] p2a,p2b\n|-damage|p2a: Chi-Yu|0 fnt\n|-damage|p2b: Flutter Mane|0 fnt\n|faint|p2a: Chi-Yu\n|faint|p2b: Flutter Mane\n|-end|p2b: Flutter Mane|Protosynthesis|[silent]\n|-damage|p1a: Flutter Mane|80\/100|[from] item: Life Orb\n|\n|-weather|SunnyDay|[upkeep]\n|upkeep\n|\n|t:|1682319672\n|switch|p2a: Great Tusk|Great Tusk, L50, tera:Fire|16\/100\n|-activate|p2a: Great Tusk|ability: Protosynthesis\n|-start|p2a: Great Tusk|protosynthesisatk\n|turn|4\n|\n|t:|1682319682\n|move|p1b: Lilligant|Sleep Powder|p2a: Great Tusk\n|-status|p2a: Great Tusk|slp|[from] move: Sleep Powder\n|move|p1a: Flutter Mane|Moonblast|p2a: Great Tusk\n|-resisted|p2a: Great Tusk\n|-damage|p2a: Great Tusk|0 fnt\n|faint|p2a: Great Tusk\n|-end|p2a: Great Tusk|Protosynthesis|[silent]\n|-damage|p1a: Flutter Mane|70\/100|[from] item: Life Orb\n|\n|win|Valkenhine\n|raw|Valkenhine's rating: 1159 → 1183<\/strong> (+24 for winning)\n|raw|Groovyjohne's rating: 1145 → 1121<\/strong> (-24 for losing)\n|l|\u2606Groovyjohne\n","uploadtime":1682319691,"views":33,"p1id":"valkenhine","p2id":"groovyjohne","formatid":"gen9vgc2023regulationc","rating":1121,"private":0,"password":""}