{"id":"gen9vgc2023regulationc-1856677312","p1":"kishoreXdiamante","p2":"MajesticCamel666","format":"[Gen 9] VGC 2023 Regulation C","log":"|j|\u2606kishoreXdiamante\n|j|\u2606MajesticCamel666\n|t:|1683092793\n|gametype|doubles\n|player|p1|kishoreXdiamante|wallace|1301\n|player|p2|MajesticCamel666|2|1311\n|teamsize|p1|6\n|teamsize|p2|6\n|gen|9\n|tier|[Gen 9] VGC 2023 Regulation C\n|rated|\n|rule|Species Clause: Limit one of each Pok\u00e9mon\n|rule|Item Clause: Limit one of each item\n|clearpoke\n|poke|p1|Rotom-Heat, L50|\n|poke|p1|Gholdengo, L50|\n|poke|p1|Talonflame, L50, F|\n|poke|p1|Tauros-Paldea-Aqua, L50, M|\n|poke|p1|Roaring Moon, L50|\n|poke|p1|Amoonguss, L50, F|\n|poke|p2|Great Tusk, L50|\n|poke|p2|Lilligant, L50, F|\n|poke|p2|Chien-Pao, L50|\n|poke|p2|Torkoal, L50, F|\n|poke|p2|Flutter Mane, L50|\n|poke|p2|Dragonite, L50, F|\n|teampreview|4\n|\n|t:|1683092841\n|start\n|switch|p1a: Rotom|Rotom-Heat, L50|100\/100\n|switch|p1b: Talonflame|Talonflame, L50, F|100\/100\n|switch|p2a: Chien-Pao|Chien-Pao, L50|100\/100\n|switch|p2b: Dragonite|Dragonite, L50, F, shiny|100\/100\n|-ability|p2a: Chien-Pao|Sword of Ruin\n|turn|1\n|\n|t:|1683092863\n|-terastallize|p2a: Chien-Pao|Ghost\n|move|p2b: Dragonite|Extreme Speed|p1b: Talonflame\n|-damage|p1b: Talonflame|45\/100\n|move|p2a: Chien-Pao|Ice Spinner|p1b: Talonflame\n|-damage|p1b: Talonflame|0 fnt\n|faint|p1b: Talonflame\n|-damage|p2a: Chien-Pao|91\/100|[from] item: Life Orb\n|move|p1a: Rotom|Will-O-Wisp|p2b: Dragonite\n|-status|p2b: Dragonite|brn\n|-enditem|p2b: Dragonite|Lum Berry|[eat]\n|-curestatus|p2b: Dragonite|brn|[msg]\n|\n|upkeep\n|\n|t:|1683092880\n|switch|p1b: Roaring Moon|Roaring Moon, L50|100\/100\n|-enditem|p1b: Roaring Moon|Booster Energy\n|-activate|p1b: Roaring Moon|ability: Protosynthesis|[fromitem]\n|-start|p1b: Roaring Moon|protosynthesisatk\n|turn|2\n|\n|t:|1683092897\n|move|p2b: Dragonite|Extreme Speed|p1b: Roaring Moon\n|-damage|p1b: Roaring Moon|52\/100\n|move|p2a: Chien-Pao|Sacred Sword|p1b: Roaring Moon\n|-supereffective|p1b: Roaring Moon\n|-damage|p1b: Roaring Moon|0 fnt\n|faint|p1b: Roaring Moon\n|-end|p1b: Roaring Moon|Protosynthesis|[silent]\n|-damage|p2a: Chien-Pao|81\/100|[from] item: Life Orb\n|move|p1a: Rotom|Will-O-Wisp|p1: Roaring Moon|[notarget]\n|-fail|p1a: Rotom\n|\n|upkeep\n|\n|t:|1683092905\n|switch|p1b: Gholdengo|Gholdengo, L50|100\/100\n|turn|3\n|\n|t:|1683092929\n|move|p1b: Gholdengo|Protect|p1b: Gholdengo\n|-singleturn|p1b: Gholdengo|Protect\n|move|p2b: Dragonite|Extreme Speed|p1a: Rotom\n|-damage|p1a: Rotom|53\/100\n|move|p2a: Chien-Pao|Sacred Sword|p1a: Rotom\n|-damage|p1a: Rotom|0 fnt\n|faint|p1a: Rotom\n|-damage|p2a: Chien-Pao|71\/100|[from] item: Life Orb\n|\n|upkeep\n|turn|4\n|-message|kishoreXdiamante forfeited.\n|\n|win|MajesticCamel666\n|raw|kishoreXdiamante's rating: 1301 → 1282<\/strong> (-19 for losing)\n|raw|MajesticCamel666's rating: 1311 → 1330<\/strong> (+19 for winning)\n|l|\u2606kishoreXdiamante\n","uploadtime":1683092946,"views":9,"p1id":"kishorexdiamante","p2id":"majesticcamel666","formatid":"gen9vgc2023regulationc","rating":1282,"private":0,"password":""}