{"id":"gen9vgc2023regulationc-1850623237","p1":"schisch","p2":"ituskyou","format":"[Gen 9] VGC 2023 Regulation C","log":"|j|\u2606schisch\n|j|\u2606ituskyou\n|t:|1682353888\n|gametype|doubles\n|player|p1|schisch|hilda-wonderlauncher|1471\n|player|p2|ituskyou|266|1526\n|teamsize|p1|6\n|teamsize|p2|6\n|gen|9\n|tier|[Gen 9] VGC 2023 Regulation C\n|rated|\n|rule|Species Clause: Limit one of each Pok\u00e9mon\n|rule|Item Clause: Limit one of each item\n|clearpoke\n|poke|p1|Tyranitar, L50, F|\n|poke|p1|Houndstone, L50, M|\n|poke|p1|Glimmora, L50, F|\n|poke|p1|Corviknight, L50, M|\n|poke|p1|Gastrodon, L50, M|\n|poke|p1|Chi-Yu, L50|\n|poke|p2|Annihilape, L50, F|\n|poke|p2|Maushold-Four, L50|\n|poke|p2|Gholdengo, L50|\n|poke|p2|Iron Bundle, L50|\n|poke|p2|Arcanine, L50, M|\n|poke|p2|Roaring Moon, L50|\n|teampreview|4\n|inactive|Battle timer is ON: inactive players will automatically lose when time's up. (requested by schisch)\n|inactive|ituskyou has 60 seconds left.\n|\n|t:|1682353920\n|start\n|switch|p1a: Chi-Yu|Chi-Yu, L50|100\/100\n|switch|p1b: Glimmora|Glimmora, L50, F|100\/100\n|switch|p2a: Maushold|Maushold-Four, L50|100\/100\n|switch|p2b: Annihilape|Annihilape, L50, F|100\/100\n|-ability|p1a: Chi-Yu|Beads of Ruin\n|turn|1\n|inactive|schisch has 30 seconds left.\n|\n|t:|1682353949\n|-terastallize|p2b: Annihilape|Water\n|move|p1a: Chi-Yu|Heat Wave|p2b: Annihilape|[spread] p2a\n|-miss|p1a: Chi-Yu|p2b: Annihilape\n|-damage|p2a: Maushold|54\/100\n|move|p2a: Maushold|Beat Up|p2b: Annihilape\n|-damage|p2b: Annihilape|99\/100\n|-damage|p2b: Annihilape|96\/100\n|-damage|p2b: Annihilape|94\/100\n|-damage|p2b: Annihilape|91\/100\n|-hitcount|p2b: Annihilape|4\n|move|p2b: Annihilape|Rage Fist|p1b: Glimmora\n|-damage|p1b: Glimmora|0 fnt\n|-activate|p1b: Glimmora|ability: Toxic Debris\n|-sidestart|p2: ituskyou|move: Toxic Spikes\n|faint|p1b: Glimmora\n|\n|upkeep\n|\n|t:|1682353967\n|switch|p1b: Tyranitar|Tyranitar, L50, F|100\/100\n|-weather|Sandstorm|[from] ability: Sand Stream|[of] p1b: Tyranitar\n|turn|2\n|\n|t:|1682353977\n|move|p1a: Chi-Yu|Dark Pulse|p2b: Annihilape\n|-damage|p2b: Annihilape|54\/100\n|move|p2a: Maushold|Super Fang|p1b: Tyranitar\n|-damage|p1b: Tyranitar|50\/100\n|move|p2b: Annihilape|Drain Punch|p1a: Chi-Yu\n|-supereffective|p1a: Chi-Yu\n|-damage|p1a: Chi-Yu|0 fnt\n|-heal|p2b: Annihilape|86\/100|[from] drain|[of] p1a: Chi-Yu\n|faint|p1a: Chi-Yu\n|move|p1b: Tyranitar|Dragon Dance|p1b: Tyranitar\n|-boost|p1b: Tyranitar|atk|1\n|-boost|p1b: Tyranitar|spe|1\n|\n|-weather|Sandstorm|[upkeep]\n|-damage|p2b: Annihilape|80\/100|[from] Sandstorm\n|upkeep\n|\n|t:|1682353994\n|switch|p1a: Gastrodon|Gastrodon, L50, M|100\/100\n|turn|3\n|\n|t:|1682354002\n|move|p2a: Maushold|Follow Me|p2a: Maushold\n|-singleturn|p2a: Maushold|move: Follow Me\n|move|p1b: Tyranitar|Rock Slide|p2b: Annihilape|[spread] p2a,p2b\n|-damage|p2a: Maushold|0 fnt\n|-damage|p2b: Annihilape|46\/100\n|-enditem|p2b: Annihilape|Sitrus Berry|[eat]\n|-heal|p2b: Annihilape|71\/100|[from] item: Sitrus Berry\n|faint|p2a: Maushold\n|move|p2b: Annihilape|Rage Fist|p1b: Tyranitar\n|-resisted|p1b: Tyranitar\n|-damage|p1b: Tyranitar|0 fnt\n|faint|p1b: Tyranitar\n|move|p1a: Gastrodon|Earth Power|p2b: Annihilape\n|-damage|p2b: Annihilape|45\/100\n|\n|-weather|Sandstorm|[upkeep]\n|-damage|p2b: Annihilape|39\/100|[from] Sandstorm\n|upkeep\n|\n|t:|1682354012\n|switch|p2a: Iron Bundle|Iron Bundle, L50|100\/100\n|-status|p2a: Iron Bundle|psn\n|turn|4\n|-message|schisch forfeited.\n|\n|win|ituskyou\n|raw|schisch's rating: 1471 → 1454<\/strong> (-17 for losing)\n|raw|ituskyou's rating: 1526 → 1543<\/strong> (+17 for winning)\n|l|\u2606schisch\n","uploadtime":1682354020,"views":13,"p1id":"schisch","p2id":"ituskyou","formatid":"gen9vgc2023regulationc","rating":1454,"private":0,"password":""}