{"id":"gen9vgc2023regulationc-1851428803","p1":"ThatOneDedenne","p2":"i homophobic","format":"[Gen 9] VGC 2023 Regulation C","log":"|j|\u2606ThatOneDedenne\n|j|\u203di homophobic\n|t:|1682444367\n|gametype|doubles\n|player|p1|ThatOneDedenne|hilbert|\n|player|p2|i homophobic|lady|\n|teamsize|p1|6\n|teamsize|p2|6\n|gen|9\n|tier|[Gen 9] VGC 2023 Regulation C\n|rated|Tournament battle\n|rule|Species Clause: Limit one of each Pok\u00e9mon\n|rule|Item Clause: Limit one of each item\n|clearpoke\n|poke|p1|Tyranitar, L50, F|\n|poke|p1|Garchomp, L50, M|\n|poke|p1|Clodsire, L50, M|\n|poke|p1|Glimmora, L50, F|\n|poke|p1|Lycanroc, L50, M|\n|poke|p1|Wo-Chien, L50|\n|poke|p2|Abomasnow, L50, F|\n|poke|p2|Iron Bundle, L50|\n|poke|p2|Chi-Yu, L50|\n|poke|p2|Arcanine, L50, F|\n|poke|p2|Flutter Mane, L50|\n|poke|p2|Dragonite, L50, F|\n|teampreview|4\n|raw| Open Team Sheet for ThatOneDedenne<\/summary>Tyranitar (F) @ Expert Belt Ability: Sand Stream Level: 50 Tera Type: Flying - Rock Slide - Assurance - Sandstorm - Tera Blast Garchomp (M) @ Clear Amulet Ability: Rough Skin Level: 50 Shiny: Yes Tera Type: Fire - Earthquake - Dragon Claw - Fire Fang - Protect Clodsire (M) @ Leftovers Ability: Water Absorb Level: 50 Tera Type: Fairy - Recover - Earthquake - Toxic - Sludge Wave Glimmora (F) @ Hard Stone Ability: Toxic Debris Level: 50 Tera Type: Normal - Earth Power - Mortal Spin - Power Gem - Toxic Lycanroc (M) @ Focus Sash Ability: Sand Rush Level: 50 Tera Type: Fighting - Stone Edge - Close Combat - Accelerock - Psychic Fangs Wo-Chien @ Chople Berry Ability: Tablets of Ruin Level: 50 Tera Type: Dark - Energy Ball - Leech Seed - Knock Off - Protect <\/details><\/div> Open Team Sheet for i homophobic<\/summary>Abomasnow (F) @ Focus Sash Ability: Snow Warning Level: 50 Tera Type: Water - Protect - Energy Ball - Blizzard - Aurora Veil Iron Bundle @ Assault Vest Ability: Quark Drive Level: 50 Shiny: Yes Tera Type: Ice - Blizzard - Icy Wind - Hydro Pump - Freeze-Dry Chi-Yu @ Choice Scarf Ability: Beads of Ruin Level: 50 Tera Type: Dark - Overheat - Heat Wave - Dark Pulse - Psychic Arcanine @ Sitrus Berry Ability: Intimidate Level: 50 Tera Type: Fire - Scary Face - Will-O-Wisp - Extreme Speed - Flare Blitz Flutter Mane @ Life Orb Ability: Protosynthesis Level: 50 Tera Type: Ghost - Moonblast - Dazzling Gleam - Shadow Ball - Protect Dragonite @ Safety Goggles Ability: Multiscale Level: 50 Tera Type: Flying - Protect - Extreme Speed - Tailwind - Tera Blast <\/details><\/div>\n|inactive|Battle timer is ON: inactive players will automatically lose when time's up. (requested by ThatOneDedenne)\n|inactive|i homophobic also wants the timer to be on.\n|j| Garbless\n|j|%Borghi\n|\n|t:|1682444385\n|start\n|switch|p1a: Tyranitar|Tyranitar, L50, F|100\/100\n|switch|p1b: Lycanroc|Lycanroc, L50, M|100\/100\n|switch|p2a: Iron Bundle|Iron Bundle, L50, shiny|100\/100\n|switch|p2b: Arcanine|Arcanine, L50, F|100\/100\n|-ability|p2b: Arcanine|Intimidate|boost\n|-unboost|p1a: Tyranitar|atk|1\n|-unboost|p1b: Lycanroc|atk|1\n|-weather|Sandstorm|[from] ability: Sand Stream|[of] p1a: Tyranitar\n|turn|1\n|\n|t:|1682444404\n|switch|p2b: Abomasnow|Abomasnow, L50, F|100\/100\n|-weather|Snow|[from] ability: Snow Warning|[of] p2b: Abomasnow\n|-terastallize|p1b: Lycanroc|Fighting\n|move|p2a: Iron Bundle|Blizzard|p1b: Lycanroc|[spread] p1a,p1b\n|-damage|p1a: Tyranitar|65\/100\n|-damage|p1b: Lycanroc|28\/100\n|-status|p1a: Tyranitar|frz\n|move|p1b: Lycanroc|Stone Edge|p2b: Abomasnow\n|-supereffective|p2b: Abomasnow\n|-damage|p2b: Abomasnow|38\/100\n|cant|p1a: Tyranitar|frz\n|\n|-weather|Snow|[upkeep]\n|upkeep\n|turn|2\n|\n|t:|1682444422\n|move|p2a: Iron Bundle|Blizzard|p1a: Tyranitar|[spread] p1a,p1b\n|-damage|p1a: Tyranitar|30\/100 frz\n|-damage|p1b: Lycanroc|0 fnt\n|faint|p1b: Lycanroc\n|move|p2b: Abomasnow|Aurora Veil|p2b: Abomasnow\n|-sidestart|p2: i homophobic|move: Aurora Veil\n|cant|p1a: Tyranitar|frz\n|\n|-weather|Snow|[upkeep]\n|upkeep\n|\n|t:|1682444427\n|switch|p1b: Clodsire|Clodsire, L50, M|100\/100\n|turn|3\n|\n|t:|1682444445\n|switch|p1a: Garchomp|Garchomp, L50, M, shiny|100\/100\n|move|p2a: Iron Bundle|Blizzard|p1b: Clodsire|[spread] p1a,p1b\n|-supereffective|p1a: Garchomp\n|-supereffective|p1b: Clodsire\n|-damage|p1a: Garchomp|0 fnt\n|-damage|p1b: Clodsire|52\/100\n|-status|p1b: Clodsire|frz\n|faint|p1a: Garchomp\n|move|p2b: Abomasnow|Blizzard|p1b: Clodsire\n|-supereffective|p1b: Clodsire\n|-damage|p1b: Clodsire|7\/100 frz\n|cant|p1b: Clodsire|frz\n|\n|-weather|Snow|[upkeep]\n|-heal|p1b: Clodsire|13\/100 frz|[from] item: Leftovers\n|upkeep\n|\n|t:|1682444449\n|switch|p1a: Tyranitar|Tyranitar, L50, F|30\/100 frz\n|-weather|Sandstorm|[from] ability: Sand Stream|[of] p1a: Tyranitar\n|turn|4\n|\n|t:|1682444465\n|move|p2a: Iron Bundle|Freeze-Dry|p1a: Tyranitar\n|-damage|p1a: Tyranitar|11\/100 frz\n|move|p2b: Abomasnow|Energy Ball|p1b: Clodsire\n|-crit|p1b: Clodsire\n|-damage|p1b: Clodsire|0 fnt\n|faint|p1b: Clodsire\n|cant|p1a: Tyranitar|frz\n|\n|-weather|Sandstorm|[upkeep]\n|-damage|p2a: Iron Bundle|94\/100|[from] Sandstorm\n|-damage|p2b: Abomasnow|32\/100|[from] Sandstorm\n|upkeep\n|turn|5\n|c| Garbless|tragic rng\n|c|\u2606ThatOneDedenne|gg at least I went out with \"grace\"\n|\n|t:|1682444479\n|move|p2a: Iron Bundle|Freeze-Dry|p1a: Tyranitar\n|-damage|p1a: Tyranitar|0 fnt\n|faint|p1a: Tyranitar\n|\n|win|i homophobic\n|n|\u2606ThatOneDedenne|thatonededenne\n|n|\u203di homophobic|ihomophobic\n|n| Garbless|garbless\n|n| Borghi|borghi\n|c|\u2606ThatOneDedenne|freeze go brrr\n","uploadtime":1682444486,"views":7,"p1id":"thatonededenne","p2id":"ihomophobic","formatid":"gen9vgc2023regulationc","rating":0,"private":0,"password":""}