{"id":"gen9vgc2023regulationc-1844833718","p1":"Innho2","p2":"Dr8ke_ND","format":"[Gen 9] VGC 2023 Regulation C","log":"|j|\u2606Innho2\n|j|\u2606Dr8ke_ND\n|t:|1681654265\n|gametype|doubles\n|player|p1|Innho2|hilbert|1216\n|player|p2|Dr8ke_ND|170|1247\n|teamsize|p1|6\n|teamsize|p2|6\n|gen|9\n|tier|[Gen 9] VGC 2023 Regulation C\n|rated|\n|rule|Species Clause: Limit one of each Pok\u00e9mon\n|rule|Item Clause: Limit one of each item\n|clearpoke\n|poke|p1|Arcanine, L50, M|\n|poke|p1|Iron Bundle, L50|\n|poke|p1|Amoonguss, L50, F|\n|poke|p1|Ceruledge, L50, F|\n|poke|p1|Dragapult, L50, M|\n|poke|p1|Chien-Pao, L50|\n|poke|p2|Drednaw, L50, F|\n|poke|p2|Maushold, L50|\n|poke|p2|Pelipper, L50, F|\n|poke|p2|Chien-Pao, L50|\n|poke|p2|Ting-Lu, L50|\n|poke|p2|Scizor, L50, M|\n|teampreview|4\n|\n|t:|1681654303\n|start\n|switch|p1a: Arcanine|Arcanine, L50, M|100\/100\n|switch|p1b: Iron Bundle|Iron Bundle, L50|100\/100\n|switch|p2a: Drednaw|Drednaw, L50, F|100\/100\n|switch|p2b: Maushold|Maushold, L50|100\/100\n|-ability|p1a: Arcanine|Intimidate|boost\n|-fail|p2a: Drednaw|unboost|[from] item: Clear Amulet|[of] p2a: Drednaw\n|-unboost|p2b: Maushold|atk|1\n|-enditem|p1b: Iron Bundle|Booster Energy\n|-activate|p1b: Iron Bundle|ability: Quark Drive|[fromitem]\n|-start|p1b: Iron Bundle|quarkdrivespe\n|turn|1\n|\n|t:|1681654324\n|move|p2b: Maushold|Follow Me|p2b: Maushold\n|-singleturn|p2b: Maushold|move: Follow Me\n|move|p1b: Iron Bundle|Hydro Pump|p2b: Maushold\n|-damage|p2b: Maushold|34\/100\n|move|p1a: Arcanine|Flare Blitz|p2b: Maushold\n|-damage|p2b: Maushold|0 fnt\n|faint|p2b: Maushold\n|-damage|p1a: Arcanine|88\/100|[from] Recoil\n|move|p2a: Drednaw|Shell Smash|p2a: Drednaw\n|-unboost|p2a: Drednaw|def|1\n|-unboost|p2a: Drednaw|spd|1\n|-boost|p2a: Drednaw|atk|2\n|-boost|p2a: Drednaw|spa|2\n|-boost|p2a: Drednaw|spe|2\n|\n|upkeep\n|\n|t:|1681654342\n|switch|p2b: Scizor|Scizor, L50, M|100\/100\n|turn|2\n|\n|t:|1681654374\n|-terastallize|p2b: Scizor|Steel\n|move|p2b: Scizor|Bullet Punch|p1a: Arcanine\n|-resisted|p1a: Arcanine\n|-damage|p1a: Arcanine|60\/100\n|move|p1b: Iron Bundle|Hydro Pump|p2a: Drednaw\n|-damage|p2a: Drednaw|0 fnt\n|faint|p2a: Drednaw\n|move|p1a: Arcanine|Flare Blitz|p2b: Scizor\n|-supereffective|p2b: Scizor\n|-damage|p2b: Scizor|0 fnt\n|faint|p2b: Scizor\n|-damage|p1a: Arcanine|27\/100|[from] Recoil\n|\n|upkeep\n|\n|t:|1681654383\n|switch|p2a: Chien-Pao|Chien-Pao, L50|100\/100\n|-ability|p2a: Chien-Pao|Sword of Ruin\n|turn|3\n|\n|t:|1681654394\n|move|p2a: Chien-Pao|Sucker Punch|p1b: Iron Bundle\n|-damage|p1b: Iron Bundle|31\/100\n|-damage|p2a: Chien-Pao|91\/100|[from] item: Life Orb\n|move|p1b: Iron Bundle|Icy Wind|p2a: Chien-Pao\n|-resisted|p2a: Chien-Pao\n|-damage|p2a: Chien-Pao|69\/100\n|-unboost|p2a: Chien-Pao|spe|1\n|move|p1a: Arcanine|Flare Blitz|p2a: Chien-Pao\n|-supereffective|p2a: Chien-Pao\n|-damage|p2a: Chien-Pao|0 fnt\n|faint|p2a: Chien-Pao\n|-damage|p1a: Arcanine|6\/100|[from] Recoil\n|\n|win|Innho2\n|raw|Innho2's rating: 1216 → 1243<\/strong> (+27 for winning)\n|raw|Dr8ke_ND's rating: 1247 → 1220<\/strong> (-27 for losing)\n|l|\u2606Dr8ke_ND\n","uploadtime":1681654413,"views":15,"p1id":"innho2","p2id":"dr8kend","formatid":"gen9vgc2023regulationc","rating":1220,"private":0,"password":""}