{"id":"gen9vgc2023regulationc-1858996836","p1":"War Jesus","p2":"Testiqleton","format":"[Gen 9] VGC 2023 Regulation C","log":"|j|\u2606War Jesus\n|j|\u2606Testiqleton\n|t:|1683392396\n|gametype|doubles\n|player|p1|War Jesus|wattson|\n|player|p2|Testiqleton|teamrocket|\n|teamsize|p1|6\n|teamsize|p2|6\n|gen|9\n|tier|[Gen 9] VGC 2023 Regulation C\n|rated|Tournament battle\n|rule|Species Clause: Limit one of each Pok\u00e9mon\n|rule|Item Clause: Limit one of each item\n|clearpoke\n|poke|p1|Torkoal, L50, F|\n|poke|p1|Lilligant, L50, F|\n|poke|p1|Flutter Mane, L50|\n|poke|p1|Great Tusk, L50|\n|poke|p1|Dragonite, L50, F|\n|poke|p1|Chien-Pao, L50|\n|poke|p2|Garchomp, L50, M|\n|poke|p2|Talonflame, L50, M|\n|poke|p2|Iron Bundle, L50|\n|poke|p2|Gholdengo, L50|\n|poke|p2|Iron Hands, L50|\n|poke|p2|Chien-Pao, L50|\n|teampreview|4\n|raw| Open Team Sheet for War Jesus<\/summary>Torkoal @ Charcoal Ability: Drought Level: 50 Tera Type: Fire - Eruption - Heat Wave - Earth Power - Protect Lilligant (F) @ Focus Sash Ability: Chlorophyll Level: 50 Tera Type: Ghost - Sleep Powder - Leaf Storm - After You - Protect Flutter Mane @ Choice Specs Ability: Protosynthesis Level: 50 Tera Type: Fairy - Moonblast - Dazzling Gleam - Shadow Ball - Icy Wind Great Tusk @ Choice Scarf Ability: Protosynthesis Level: 50 Hidden Power: Fighting Tera Type: Steel - Headlong Rush - Earthquake - Close Combat - Rock Slide Dragonite @ Lum Berry Ability: Multiscale Level: 50 Tera Type: Normal - Stomping Tantrum - Tailwind - Extreme Speed - Protect Chien-Pao @ Life Orb Ability: Sword of Ruin Level: 50 Tera Type: Ghost - Ice Spinner - Sacred Sword - Sucker Punch - Protect <\/details><\/div> Open Team Sheet for Testiqleton<\/summary>Garchomp @ Clear Amulet Ability: Rough Skin Level: 50 Tera Type: Fire - Earthquake - Stomping Tantrum - Rock Slide - Protect Talonflame @ Safety Goggles Ability: Gale Wings Level: 50 Tera Type: Ghost - Brave Bird - Tailwind - Will-O-Wisp - Taunt Iron Bundle @ Booster Energy Ability: Quark Drive Level: 50 Tera Type: Ice - Hydro Pump - Freeze-Dry - Icy Wind - Protect Gholdengo @ Choice Specs Ability: Good as Gold Level: 50 Tera Type: Steel - Make It Rain - Shadow Ball - Thunderbolt - Trick Iron Hands @ Assault Vest Ability: Quark Drive Level: 50 Tera Type: Grass - Fake Out - Drain Punch - Wild Charge - Heavy Slam Chien-Pao @ Focus Sash Ability: Sword of Ruin Level: 50 Tera Type: Ghost - Ice Spinner - Sucker Punch - Sacred Sword - Haze <\/details><\/div>\n|inactive|Battle timer is ON: inactive players will automatically lose when time's up. (requested by War Jesus)\n|inactive|Testiqleton has 60 seconds left.\n|\n|t:|1683392461\n|start\n|switch|p1a: Torkoal|Torkoal, L50, F|100\/100\n|switch|p1b: Flutter Mane|Flutter Mane, L50|100\/100\n|switch|p2a: Garchomp|Garchomp, L50, M|100\/100\n|switch|p2b: Talonflame|Talonflame, L50, M|100\/100\n|-weather|SunnyDay|[from] ability: Drought|[of] p1a: Torkoal\n|-activate|p1b: Flutter Mane|ability: Protosynthesis\n|-start|p1b: Flutter Mane|protosynthesisspa\n|turn|1\n|inactive|War Jesus has 30 seconds left.\n|inactive|Testiqleton has 30 seconds left.\n|inactive|Testiqleton has 20 seconds left.\n|inactive|Testiqleton has 15 seconds left.\n|inactive|Testiqleton has 10 seconds left.\n|\n|t:|1683392508\n|-terastallize|p2a: Garchomp|Fire\n|move|p2b: Talonflame|Tailwind|p2b: Talonflame\n|-sidestart|p2: Testiqleton|move: Tailwind\n|move|p2a: Garchomp|Earthquake|p1b: Flutter Mane|[spread] p1a,p1b\n|-immune|p2b: Talonflame\n|-supereffective|p1a: Torkoal\n|-crit|p1a: Torkoal\n|-damage|p1a: Torkoal|4\/100\n|-damage|p1b: Flutter Mane|14\/100\n|move|p1b: Flutter Mane|Moonblast|p2a: Garchomp\n|-resisted|p2a: Garchomp\n|-damage|p2a: Garchomp|38\/100\n|move|p1a: Torkoal|Eruption|p2a: Garchomp|[spread] p2a,p2b\n|-resisted|p2a: Garchomp\n|-resisted|p2b: Talonflame\n|-damage|p2a: Garchomp|37\/100\n|-damage|p2b: Talonflame|99\/100\n|\n|-weather|SunnyDay|[upkeep]\n|upkeep\n|turn|2\n|inactive|War Jesus has 30 seconds left.\n|inactive|Testiqleton has 30 seconds left.\n|inactive|War Jesus has 20 seconds left.\n|inactive|Testiqleton has 20 seconds left.\n|inactive|Testiqleton has 15 seconds left.\n|\n|t:|1683392551\n|move|p2b: Talonflame|Taunt|p1b: Flutter Mane\n|-start|p1b: Flutter Mane|move: Taunt\n|move|p2a: Garchomp|Earthquake|p1a: Torkoal|[spread] p1a,p1b\n|-immune|p2b: Talonflame\n|-supereffective|p1a: Torkoal\n|-damage|p1a: Torkoal|0 fnt\n|-damage|p1b: Flutter Mane|0 fnt\n|faint|p1a: Torkoal\n|faint|p1b: Flutter Mane\n|-end|p1b: Flutter Mane|Protosynthesis|[silent]\n|\n|-weather|SunnyDay|[upkeep]\n|upkeep\n|\n|t:|1683392562\n|switch|p1b: Lilligant|Lilligant, L50, F|100\/100\n|switch|p1a: Great Tusk|Great Tusk, L50|100\/100\n|-activate|p1a: Great Tusk|ability: Protosynthesis\n|-start|p1a: Great Tusk|protosynthesisatk\n|turn|3\n|inactive|Testiqleton has 30 seconds left.\n|inactive|Testiqleton has 20 seconds left.\n|inactive|Testiqleton has 15 seconds left.\n|inactive|Testiqleton has 10 seconds left.\n|\n|t:|1683392612\n|move|p1b: Lilligant|Protect|p1b: Lilligant\n|-singleturn|p1b: Lilligant|Protect\n|move|p2b: Talonflame|Taunt|p1b: Lilligant\n|-activate|p1b: Lilligant|move: Protect\n|move|p2a: Garchomp|Earthquake|p1a: Great Tusk|[spread] p1a\n|-activate|p1b: Lilligant|move: Protect\n|-immune|p2b: Talonflame\n|-damage|p1a: Great Tusk|68\/100\n|move|p1a: Great Tusk|Rock Slide|p2b: Talonflame|[spread] p2a,p2b\n|-supereffective|p2a: Garchomp\n|-supereffective|p2b: Talonflame\n|-damage|p2a: Garchomp|0 fnt\n|-damage|p2b: Talonflame|0 fnt\n|faint|p2a: Garchomp\n|faint|p2b: Talonflame\n|\n|-weather|SunnyDay|[upkeep]\n|upkeep\n|\n|t:|1683392623\n|switch|p2b: Iron Hands|Iron Hands, L50|100\/100\n|switch|p2a: Chien-Pao|Chien-Pao, L50|100\/100\n|-ability|p2a: Chien-Pao|Sword of Ruin\n|turn|4\n|inactive|War Jesus has 30 seconds left.\n|inactive|Testiqleton has 30 seconds left.\n|\n|t:|1683392658\n|move|p2b: Iron Hands|Fake Out|p1b: Lilligant\n|-damage|p1b: Lilligant|68\/100\n|move|p2a: Chien-Pao|Ice Spinner|p1a: Great Tusk\n|-supereffective|p1a: Great Tusk\n|-damage|p1a: Great Tusk|0 fnt\n|faint|p1a: Great Tusk\n|-end|p1a: Great Tusk|Protosynthesis|[silent]\n|cant|p1b: Lilligant|flinch\n|\n|-weather|SunnyDay|[upkeep]\n|-sideend|p2: Testiqleton|move: Tailwind\n|upkeep\n|turn|5\n|-message|War Jesus forfeited.\n|\n|win|Testiqleton\n|n|\u2606War Jesus|warjesus\n|n|\u2606Testiqleton|testiqleton\n|l|\u2606War Jesus\n","uploadtime":1683393805,"views":8,"p1id":"warjesus","p2id":"testiqleton","formatid":"gen9vgc2023regulationc","rating":0,"private":0,"password":""}