{"id":"gen9vgc2023regulationc-1850687444","p1":"Ab0ve5029","p2":"Primellion","format":"[Gen 9] VGC 2023 Regulation C","log":"|j|\u2606Ab0ve5029\n|j|\u2606Primellion\n|t:|1682359172\n|gametype|doubles\n|player|p1|Ab0ve5029|n|1389\n|player|p2|Primellion|grimsley|1493\n|teamsize|p1|6\n|teamsize|p2|6\n|gen|9\n|tier|[Gen 9] VGC 2023 Regulation C\n|rated|\n|rule|Species Clause: Limit one of each Pok\u00e9mon\n|rule|Item Clause: Limit one of each item\n|clearpoke\n|poke|p1|Chien-Pao, L50|\n|poke|p1|Palafin, L50, M|\n|poke|p1|Dragapult, L50, F|\n|poke|p1|Ting-Lu, L50|\n|poke|p1|Arcanine, L50, M|\n|poke|p1|Amoonguss, L50, F|\n|poke|p2|Sableye, L50, F|\n|poke|p2|Chien-Pao, L50|\n|poke|p2|Dragonite, L50, F|\n|poke|p2|Tsareena, L50, F|\n|poke|p2|Azumarill, L50, M|\n|poke|p2|Ceruledge, L50, F|\n|teampreview|4\nAb0ve5029 has agreed to open team sheets.\n|\n|t:|1682359222\n|start\n|switch|p1a: Above|Palafin, L50, M|100\/100\n|switch|p1b: Ting-Lu|Ting-Lu, L50|100\/100\n|switch|p2a: Sableye|Sableye, L50, F|100\/100\n|switch|p2b: Ceruledge|Ceruledge, L50, F, shiny|100\/100\n|-ability|p1b: Ting-Lu|Vessel of Ruin\n|turn|1\n|\n|t:|1682359236\n|detailschange|p1a: Above|Palafin-Hero, L50, M\n|switch|p1a: RulingWillB|Dragapult, L50, F|100\/100\n|-terastallize|p2b: Ceruledge|Steel\n|move|p2a: Sableye|Reflect|p2a: Sableye\n|-sidestart|p2: Primellion|Reflect\n|move|p2b: Ceruledge|Bulk Up|p2b: Ceruledge\n|-boost|p2b: Ceruledge|atk|1\n|-boost|p2b: Ceruledge|def|1\n|move|p1b: Ting-Lu|Throat Chop|p2b: Ceruledge\n|-damage|p2b: Ceruledge|82\/100\n|-start|p2b: Ceruledge|Throat Chop|[silent]\n|\n|upkeep\n|turn|2\n|\n|t:|1682359253\n|move|p2b: Ceruledge|Shadow Sneak|p1a: RulingWillB\n|-supereffective|p1a: RulingWillB\n|-damage|p1a: RulingWillB|15\/100\n|move|p2a: Sableye|Light Screen|p2a: Sableye\n|-sidestart|p2: Primellion|move: Light Screen\n|move|p1a: RulingWillB|Phantom Force||[still]\n|-prepare|p1a: RulingWillB|Phantom Force\n|move|p1b: Ting-Lu|Fissure|p2b: Ceruledge\n|-damage|p2b: Ceruledge|0 fnt\n|faint|p2b: Ceruledge\n|-ohko\n|\n|upkeep\n|c|\u2606Primellion|Tava\n|\n|t:|1682359282\n|switch|p2b: Azumarill|Azumarill, L50, M|100\/100\n|turn|3\n|c|\u2606Ab0ve5029|yes\n|\n|t:|1682359295\n|switch|p2a: Tsareena|Tsareena, L50, F, shiny|100\/100\n|-terastallize|p1b: Ting-Lu|Grass\n|move|p1a: RulingWillB|Phantom Force|p2a: Tsareena|[from]lockedmove\n|-damage|p2a: Tsareena|58\/100\n|move|p2b: Azumarill|Liquidation|p1b: Ting-Lu\n|-resisted|p1b: Ting-Lu\n|-damage|p1b: Ting-Lu|85\/100\n|move|p1b: Ting-Lu|Fissure|p2b: Azumarill\n|-damage|p2b: Azumarill|0 fnt\n|faint|p2b: Azumarill\n|-ohko\n|\n|upkeep\n|-message|Primellion forfeited.\n|\n|win|Ab0ve5029\n|raw|Ab0ve5029's rating: 1389 → 1415<\/strong> (+26 for winning)\n|raw|Primellion's rating: 1493 → 1467<\/strong> (-26 for losing)\n|l|\u2606Primellion\n|c|\u2606Ab0ve5029|gg\n|c|\u2606Ab0ve5029|wanna go again?\n","uploadtime":1682359324,"views":14,"p1id":"ab0ve5029","p2id":"primellion","formatid":"gen9vgc2023regulationc","rating":1415,"private":0,"password":""}