{"id":"gen9vgc2023regulationc-1846063947","p1":"TrainerDylan24","p2":"Echo Rose#9471","format":"[Gen 9] VGC 2023 Regulation C","log":"|j|\u2606TrainerDylan24\n|j|\u2606Echo Rose#9471\n|t:|1681800194\n|gametype|doubles\n|player|p1|TrainerDylan24|swimmerf|1133\n|player|p2|Echo Rose#9471|1|1046\n|teamsize|p1|6\n|teamsize|p2|6\n|gen|9\n|tier|[Gen 9] VGC 2023 Regulation C\n|rated|\n|rule|Species Clause: Limit one of each Pok\u00e9mon\n|rule|Item Clause: Limit one of each item\n|clearpoke\n|poke|p1|Annihilape, L50, F|\n|poke|p1|Armarouge, L50, F|\n|poke|p1|Indeedee-F, L50, F|\n|poke|p1|Bellibolt, L50, M|\n|poke|p1|Dondozo, L50, M|\n|poke|p1|Tatsugiri, L50, M|\n|poke|p2|Garganacl, L50, F|\n|poke|p2|Glimmora, L50, M|\n|poke|p2|Wo-Chien, L50|\n|poke|p2|Flutter Mane, L50|\n|poke|p2|Palafin, L50, M|\n|poke|p2|Corviknight, L50, F|\n|teampreview|4\n|\n|t:|1681800234\n|start\n|switch|p1a: Armarouge|Armarouge, L50, F|100\/100\n|switch|p1b: Indeedee|Indeedee-F, L50, F|100\/100\n|switch|p2a: Glimmora|Glimmora, L50, M|100\/100\n|switch|p2b: Finn Fury|Palafin, L50, M|100\/100\n|-fieldstart|move: Psychic Terrain|[from] ability: Psychic Surge|[of] p1b: Indeedee\n|turn|1\n|\n|t:|1681800253\n|move|p1b: Indeedee|Follow Me|p1b: Indeedee\n|-singleturn|p1b: Indeedee|move: Follow Me\n|move|p2b: Finn Fury|Wave Crash|p1b: Indeedee\n|-damage|p1b: Indeedee|42\/100\n|-enditem|p1b: Indeedee|Sitrus Berry|[eat]\n|-heal|p1b: Indeedee|67\/100|[from] item: Sitrus Berry\n|-damage|p2b: Finn Fury|86\/100|[from] Recoil\n|move|p1a: Armarouge|Expanding Force|p2b: Finn Fury|[spread] p2a,p2b\n|-supereffective|p2a: Glimmora\n|-damage|p2a: Glimmora|0 fnt\n|-damage|p2b: Finn Fury|4\/100\n|faint|p2a: Glimmora\n|\n|upkeep\n|\n|t:|1681800263\n|switch|p2a: Flutter Mane|Flutter Mane, L50|100\/100\n|-enditem|p2a: Flutter Mane|Booster Energy\n|-activate|p2a: Flutter Mane|ability: Protosynthesis|[fromitem]\n|-start|p2a: Flutter Mane|protosynthesisspa\n|turn|2\n|\n|t:|1681800279\n|-terastallize|p2a: Flutter Mane|Fairy\n|move|p1b: Indeedee|Follow Me|p1b: Indeedee\n|-singleturn|p1b: Indeedee|move: Follow Me\n|move|p2a: Flutter Mane|Dazzling Gleam|p1b: Indeedee|[spread] p1a,p1b\n|-resisted|p1a: Armarouge\n|-damage|p1a: Armarouge|67\/100\n|-damage|p1b: Indeedee|3\/100\n|move|p2b: Finn Fury|Wave Crash|p1b: Indeedee\n|-damage|p1b: Indeedee|0 fnt\n|faint|p1b: Indeedee\n|-damage|p2b: Finn Fury|3\/100|[from] Recoil\n|move|p1a: Armarouge|Expanding Force|p2a: Flutter Mane|[spread] p2a,p2b\n|-damage|p2a: Flutter Mane|50\/100\n|-damage|p2b: Finn Fury|0 fnt\n|faint|p2b: Finn Fury\n|\n|upkeep\n|-message|Echo Rose#9471 forfeited.\n|\n|win|TrainerDylan24\n|raw|TrainerDylan24's rating: 1133 → 1152<\/strong> (+19 for winning)\n|raw|Echo Rose#9471's rating: 1046 → 1033<\/strong> (-13 for losing)\n|l|\u2606Echo Rose#9471\n","uploadtime":1681800294,"views":7,"p1id":"trainerdylan24","p2id":"echorose9471","formatid":"gen9vgc2023regulationc","rating":1033,"private":0,"password":""}