{"id":"gen9vgc2023regulationc-1861382042","p1":"SchneewittchenXJ","p2":"Vengeful potato","format":"[Gen 9] VGC 2023 Regulation C","log":"|j|\u2606SchneewittchenXJ\n|j|\u2606Vengeful potato\n|t:|1683751651\n|gametype|doubles\n|player|p1|SchneewittchenXJ|ghetsis-gen5bw|1229\n|player|p2|Vengeful potato|swimmer-gen4|1348\n|teamsize|p1|6\n|teamsize|p2|6\n|gen|9\n|tier|[Gen 9] VGC 2023 Regulation C\n|rated|\n|rule|Species Clause: Limit one of each Pok\u00e9mon\n|rule|Item Clause: Limit one of each item\n|clearpoke\n|poke|p1|Tyranitar, L50, F|\n|poke|p1|Corviknight, L50, F|\n|poke|p1|Ceruledge, L50, F|\n|poke|p1|Arcanine, L50, F|\n|poke|p1|Garchomp, L50, F|\n|poke|p1|Flutter Mane, L50|\n|poke|p2|Pelipper, L50, F|\n|poke|p2|Drednaw, L50, M|\n|poke|p2|Gholdengo, L50|\n|poke|p2|Brute Bonnet, L50|\n|poke|p2|Dedenne, L50, F|\n|poke|p2|Toxicroak, L50, M|\n|teampreview|4\n|\n|t:|1683751704\n|start\n|switch|p1a: TyranitarWet|Tyranitar, L50, F|100\/100\n|switch|p1b: CorviknighTTs|Corviknight, L50, F, shiny|100\/100\n|switch|p2a: Drednaw|Drednaw, L50, M, shiny|100\/100\n|switch|p2b: Brute Bonnet|Brute Bonnet, L50|100\/100\n|-weather|Sandstorm|[from] ability: Sand Stream|[of] p1a: TyranitarWet\n|-enditem|p2b: Brute Bonnet|Booster Energy\n|-activate|p2b: Brute Bonnet|ability: Protosynthesis|[fromitem]\n|-start|p2b: Brute Bonnet|protosynthesisatk\n|turn|1\n|inactive|Battle timer is ON: inactive players will automatically lose when time's up. (requested by SchneewittchenXJ)\n|inactive|SchneewittchenXJ has 60 seconds left.\n|\n|t:|1683751751\n|move|p2a: Drednaw|Liquidation|p1a: TyranitarWet\n|-supereffective|p1a: TyranitarWet\n|-damage|p1a: TyranitarWet|0 fnt\n|faint|p1a: TyranitarWet\n|move|p2b: Brute Bonnet|Spore|p1b: CorviknighTTs\n|-status|p1b: CorviknighTTs|slp|[from] move: Spore\n|cant|p1b: CorviknighTTs|slp\n|\n|-weather|Sandstorm|[upkeep]\n|-damage|p2b: Brute Bonnet|95\/100|[from] Sandstorm\n|upkeep\n|-message|SchneewittchenXJ forfeited.\n|\n|win|Vengeful potato\n|raw|SchneewittchenXJ's rating: 1229 → 1212<\/strong> (-17 for losing)\n|raw|Vengeful potato's rating: 1348 → 1361<\/strong> (+13 for winning)\n|l|\u2606SchneewittchenXJ\n","uploadtime":1683751775,"views":6,"p1id":"schneewittchenxj","p2id":"vengefulpotato","formatid":"gen9vgc2023regulationc","rating":1212,"private":0,"password":""}