{"id":"gen9vgc2023regulationc-1848309928","p1":"Thicc Juicy Boi","p2":"Steakman5","format":"[Gen 9] VGC 2023 Regulation C","log":"|j|\u2606Thicc Juicy Boi\n|j|\u2606Steakman5\n|t:|1682058068\n|gametype|doubles\n|player|p1|Thicc Juicy Boi|rood|1234\n|player|p2|Steakman5|swimmer-gen4|1349\n|teamsize|p1|6\n|teamsize|p2|6\n|gen|9\n|tier|[Gen 9] VGC 2023 Regulation C\n|rated|\n|rule|Species Clause: Limit one of each Pok\u00e9mon\n|rule|Item Clause: Limit one of each item\n|clearpoke\n|poke|p1|Hatterene, L50, F|\n|poke|p1|Indeedee-F, L50, F|\n|poke|p1|Hariyama, L50, F|\n|poke|p1|Oranguru, L50, F|\n|poke|p1|Torkoal, L50, F|\n|poke|p1|Kingambit, L50, M|\n|poke|p2|Torkoal, L50, F|\n|poke|p2|Lilligant, L50, F|\n|poke|p2|Arcanine, L50, F|\n|poke|p2|Baxcalibur, L50, F|\n|poke|p2|Armarouge, L50, M|\n|poke|p2|Flutter Mane, L50|\n|teampreview|4\n|inactive|Battle timer is ON: inactive players will automatically lose when time's up. (requested by Steakman5)\n|\n|t:|1682058115\n|start\n|switch|p1a: Hatterene|Hatterene, L50, F|100\/100\n|switch|p1b: Indeedee|Indeedee-F, L50, F|100\/100\n|switch|p2a: Torkoal|Torkoal, L50, F|100\/100\n|switch|p2b: Flutter Mane|Flutter Mane, L50|100\/100\n|-fieldstart|move: Psychic Terrain|[from] ability: Psychic Surge|[of] p1b: Indeedee\n|-enditem|p1b: Indeedee|Psychic Seed\n|-boost|p1b: Indeedee|spd|1|[from] item: Psychic Seed\n|-weather|SunnyDay|[from] ability: Drought|[of] p2a: Torkoal\n|-activate|p2b: Flutter Mane|ability: Protosynthesis\n|-start|p2b: Flutter Mane|protosynthesisspe\n|turn|1\n|\n|t:|1682058139\n|move|p1b: Indeedee|Follow Me|p1b: Indeedee\n|-singleturn|p1b: Indeedee|move: Follow Me\n|move|p2b: Flutter Mane|Moonblast|p1b: Indeedee\n|-damage|p1b: Indeedee|69\/100\n|move|p2a: Torkoal|Eruption|p1b: Indeedee|[spread] p1a,p1b\n|-damage|p1a: Hatterene|29\/100\n|-damage|p1b: Indeedee|25\/100\n|move|p1a: Hatterene|Trick Room|p1a: Hatterene\n|-fieldstart|move: Trick Room|[of] p1a: Hatterene\n|\n|-weather|SunnyDay|[upkeep]\n|upkeep\n|turn|2\n|inactive|Thicc Juicy Boi has 30 seconds left.\n|inactive|Thicc Juicy Boi has 20 seconds left.\n|\n|t:|1682058175\n|move|p2b: Flutter Mane|Protect|p2b: Flutter Mane\n|-singleturn|p2b: Flutter Mane|Protect\n|move|p2a: Torkoal|Eruption|p1b: Indeedee|[spread] p1a,p1b\n|-damage|p1a: Hatterene|0 fnt\n|-damage|p1b: Indeedee|0 fnt\n|faint|p1a: Hatterene\n|faint|p1b: Indeedee\n|\n|-weather|SunnyDay|[upkeep]\n|upkeep\n|\n|t:|1682058184\n|switch|p1a: Kingambit|Kingambit, L50, M|100\/100\n|switch|p1b: Hariyama|Hariyama, L50, F|100\/100\n|turn|3\n|\n|t:|1682058200\n|-terastallize|p2a: Torkoal|Fire\n|-terastallize|p1a: Kingambit|Dark\n|move|p2a: Torkoal|Eruption|p1a: Kingambit|[spread] p1a,p1b\n|-damage|p1a: Kingambit|1\/100\n|-damage|p1b: Hariyama|6\/100\n|move|p1a: Kingambit|Iron Head|p2b: Flutter Mane\n|-supereffective|p2b: Flutter Mane\n|-crit|p2b: Flutter Mane\n|-enditem|p2b: Flutter Mane|Focus Sash\n|-damage|p2b: Flutter Mane|1\/100\n|move|p1b: Hariyama|Drain Punch|p2a: Torkoal\n|-damage|p2a: Torkoal|72\/100\n|-heal|p1b: Hariyama|17\/100|[from] drain|[of] p2a: Torkoal\n|move|p2b: Flutter Mane|Moonblast|p1a: Kingambit\n|-supereffective|p1a: Kingambit\n|-damage|p1a: Kingambit|0 fnt\n|faint|p1a: Kingambit\n|\n|-weather|SunnyDay|[upkeep]\n|-status|p1b: Hariyama|brn|[from] item: Flame Orb\n|upkeep\n|turn|4\n|-message|Thicc Juicy Boi forfeited.\n|\n|win|Steakman5\n|raw|Thicc Juicy Boi's rating: 1234 → 1217<\/strong> (-17 for losing)\n|raw|Steakman5's rating: 1349 → 1363<\/strong> (+14 for winning)\n|l|\u2606Thicc Juicy Boi\n","uploadtime":1682058223,"views":7,"p1id":"thiccjuicyboi","p2id":"steakman5","formatid":"gen9vgc2023regulationc","rating":1217,"private":0,"password":""}