{"id":"gen9vgc2023regulationc-1845218847","p1":"BigBoofles","p2":"Mitsunaga","format":"[Gen 9] VGC 2023 Regulation C","log":"|j|\u2606BigBoofles\n|j|\u2606Mitsunaga\n|t:|1681697846\n|gametype|doubles\n|player|p1|BigBoofles|170|1143\n|player|p2|Mitsunaga|lady-gen4|1229\n|teamsize|p1|6\n|teamsize|p2|6\n|gen|9\n|tier|[Gen 9] VGC 2023 Regulation C\n|rated|\n|rule|Species Clause: Limit one of each Pok\u00e9mon\n|rule|Item Clause: Limit one of each item\n|clearpoke\n|poke|p1|Clodsire, L50, M|\n|poke|p1|Crabominable, L50, M|\n|poke|p1|Dugtrio, L50, M|\n|poke|p1|Abomasnow, L50, F|\n|poke|p1|Cetitan, L50, F|\n|poke|p1|Forretress, L50, F|\n|poke|p2|Annihilape, L50, M|\n|poke|p2|Sandy Shocks, L50|\n|poke|p2|Flutter Mane, L50|\n|poke|p2|Armarouge, L50, M|\n|poke|p2|Indeedee-F, L50, F|\n|poke|p2|Talonflame, L50, F|\n|teampreview|4\n|inactive|Battle timer is ON: inactive players will automatically lose when time's up. (requested by Mitsunaga)\nBigBoofles has agreed to open team sheets.\n|inactive|BigBoofles has 60 seconds left.\n|\n|t:|1681697887\n|start\n|switch|p1a: Snow|Abomasnow, L50, F|100\/100\n|switch|p1b: RmprdsTheorm|Dugtrio, L50, M|100\/100\n|switch|p2a: Sandy Shocks|Sandy Shocks, L50|100\/100\n|switch|p2b: Armarouge|Armarouge, L50, M|100\/100\n|-weather|Snow|[from] ability: Snow Warning|[of] p1a: Snow\n|-enditem|p2a: Sandy Shocks|Booster Energy\n|-activate|p2a: Sandy Shocks|ability: Protosynthesis|[fromitem]\n|-start|p2a: Sandy Shocks|protosynthesisspe\n|turn|1\n|\n|t:|1681697904\n|-terastallize|p1b: RmprdsTheorm|Ground\n|move|p1b: RmprdsTheorm|Earthquake|p2a: Sandy Shocks|[spread] p1a,p2a,p2b\n|-resisted|p1a: Snow\n|-supereffective|p2a: Sandy Shocks\n|-supereffective|p2b: Armarouge\n|-damage|p1a: Snow|84\/100\n|-damage|p2a: Sandy Shocks|0 fnt\n|-damage|p2b: Armarouge|0 fnt\n|faint|p2a: Sandy Shocks\n|-end|p2a: Sandy Shocks|Protosynthesis|[silent]\n|faint|p2b: Armarouge\n|move|p1a: Snow|Aurora Veil|p1a: Snow\n|-sidestart|p1: BigBoofles|move: Aurora Veil\n|\n|-weather|Snow|[upkeep]\n|upkeep\n|-message|Mitsunaga forfeited.\n|\n|win|BigBoofles\n|raw|BigBoofles's rating: 1143 → 1174<\/strong> (+31 for winning)\n|raw|Mitsunaga's rating: 1229 → 1198<\/strong> (-31 for losing)\n|l|\u2606Mitsunaga\n","uploadtime":1681697923,"views":11,"p1id":"bigboofles","p2id":"mitsunaga","formatid":"gen9vgc2023regulationc","rating":1174,"private":0,"password":""}