{"id":"gen9vgc2023regulationc-1845436921","p1":"whowantssomecawfee","p2":"LilTic","format":"[Gen 9] VGC 2023 Regulation C","log":"|j|\u2606whowantssomecawfee\n|j|\u2606LilTic\n|t:|1681733109\n|gametype|doubles\n|player|p1|whowantssomecawfee|baker|\n|player|p2|LilTic|ninjaboy|\n|teamsize|p1|6\n|teamsize|p2|6\n|gen|9\n|tier|[Gen 9] VGC 2023 Regulation C\n|rated|Tournament battle\n|rule|Species Clause: Limit one of each Pok\u00e9mon\n|rule|Item Clause: Limit one of each item\n|clearpoke\n|poke|p1|Gyarados, L50, F|\n|poke|p1|Flutter Mane, L50|\n|poke|p1|Iron Hands, L50|\n|poke|p1|Amoonguss, L50, M|\n|poke|p1|Chi-Yu, L50|\n|poke|p1|Iron Bundle, L50|\n|poke|p2|Armarouge, L50, F|\n|poke|p2|Amoonguss, L50, M|\n|poke|p2|Hatterene, L50, F|\n|poke|p2|Torkoal, L50, F|\n|poke|p2|Iron Hands, L50|\n|poke|p2|Indeedee-F, L50, F|\n|teampreview|4\n|raw| Open Team Sheet for whowantssomecawfee<\/summary>Gyarados @ Clear Amulet Ability: Intimidate Level: 50 Tera Type: Fire - Waterfall - Dragon Dance - Taunt - Protect Flutter Mane @ Choice Specs Ability: Protosynthesis Level: 50 Tera Type: Fairy - Moonblast - Shadow Ball - Dazzling Gleam - Power Gem Iron Hands @ Assault Vest Ability: Quark Drive Level: 50 Tera Type: Grass - Drain Punch - Wild Charge - Heavy Slam - Fake Out Amoonguss @ Sitrus Berry Ability: Regenerator Level: 50 Tera Type: Water - Pollen Puff - Spore - Rage Powder - Protect Chi-Yu @ Focus Sash Ability: Beads of Ruin Level: 50 Tera Type: Ghost - Heat Wave - Dark Pulse - Nasty Plot - Protect Iron Bundle @ Booster Energy Ability: Quark Drive Level: 50 Tera Type: Ghost - Freeze-Dry - Icy Wind - Encore - Protect <\/details><\/div> Open Team Sheet for LilTic<\/summary>Armarouge @ Weakness Policy Ability: Flash Fire Level: 50 Tera Type: Grass - Aura Sphere - Armor Cannon - Trick Room - Expanding Force Amoonguss @ Eject Button Ability: Regenerator Level: 50 Tera Type: Water - Pollen Puff - Clear Smog - Spore - Rage Powder Hatterene (F) @ Wise Glasses Ability: Magic Bounce Level: 50 Tera Type: Fire - Dazzling Gleam - Trick Room - Psychic - Protect Torkoal @ Choice Specs Ability: Drought Level: 50 Tera Type: Grass - Eruption - Heat Wave - Earth Power - Solar Beam Iron Hands @ Assault Vest Ability: Quark Drive Level: 50 Tera Type: Steel - Fake Out - Close Combat - Wild Charge - Heavy Slam Indeedee (Indeedee-F) (F) @ Psychic Seed Ability: Psychic Surge Level: 50 Tera Type: Fairy - Follow Me - Helping Hand - Psychic - Trick Room <\/details><\/div>\n|inactive|Battle timer is ON: inactive players will automatically lose when time's up. (requested by whowantssomecawfee)\n|c|\u2606LilTic|wait da fuq\n|c|\u2606LilTic|where did this team come from xd\n|inactive|whowantssomecawfee has 60 seconds left.\n|inactive|LilTic has 60 seconds left.\n|j| FunneeMonkee\n|inactive|whowantssomecawfee has 30 seconds left.\n|inactive|whowantssomecawfee has 20 seconds left.\n|inactive|whowantssomecawfee has 15 seconds left.\n|\n|t:|1681733192\n|start\n|switch|p1a: Chi-Yu|Chi-Yu, L50|100\/100\n|switch|p1b: Flutter Mane|Flutter Mane, L50|100\/100\n|switch|p2a: Indeedee|Indeedee-F, L50, F|100\/100\n|switch|p2b: Armarouge|Armarouge, L50, F|100\/100\n|-ability|p1a: Chi-Yu|Beads of Ruin\n|-fieldstart|move: Psychic Terrain|[from] ability: Psychic Surge|[of] p2a: Indeedee\n|-enditem|p2a: Indeedee|Psychic Seed\n|-boost|p2a: Indeedee|spd|1|[from] item: Psychic Seed\n|turn|1\n|j| Wheeel\n|j| Zakfj96\n|inactive|whowantssomecawfee has 30 seconds left.\n|inactive|LilTic has 30 seconds left.\n|inactive|whowantssomecawfee has 20 seconds left.\n|inactive|LilTic has 20 seconds left.\n|inactive|LilTic has 15 seconds left.\n|\n|t:|1681733236\n|move|p2a: Indeedee|Follow Me|p2a: Indeedee\n|-singleturn|p2a: Indeedee|move: Follow Me\n|move|p1b: Flutter Mane|Dazzling Gleam|p2b: Armarouge|[spread] p2a,p2b\n|-resisted|p2b: Armarouge\n|-damage|p2a: Indeedee|60\/100\n|-damage|p2b: Armarouge|67\/100\n|move|p1a: Chi-Yu|Nasty Plot|p1a: Chi-Yu\n|-boost|p1a: Chi-Yu|spa|2\n|move|p2b: Armarouge|Aura Sphere|p1a: Chi-Yu\n|-supereffective|p1a: Chi-Yu\n|-damage|p1a: Chi-Yu|27\/100\n|\n|upkeep\n|turn|2\n|\n|t:|1681733260\n|move|p1a: Chi-Yu|Protect|p1a: Chi-Yu\n|-singleturn|p1a: Chi-Yu|Protect\n|move|p1b: Flutter Mane|Dazzling Gleam|p2b: Armarouge|[spread] p2a,p2b\n|-resisted|p2b: Armarouge\n|-damage|p2a: Indeedee|16\/100\n|-damage|p2b: Armarouge|31\/100\n|move|p2b: Armarouge|Armor Cannon|p1b: Flutter Mane\n|-damage|p1b: Flutter Mane|15\/100\n|-unboost|p2b: Armarouge|def|1\n|-unboost|p2b: Armarouge|spd|1\n|move|p2a: Indeedee|Trick Room|p2a: Indeedee\n|-fieldstart|move: Trick Room|[of] p2a: Indeedee\n|\n|upkeep\n|turn|3\n|\n|t:|1681733277\n|move|p2a: Indeedee|Follow Me|p2a: Indeedee\n|-singleturn|p2a: Indeedee|move: Follow Me\n|move|p2b: Armarouge|Aura Sphere|p1a: Chi-Yu\n|-supereffective|p1a: Chi-Yu\n|-damage|p1a: Chi-Yu|0 fnt\n|faint|p1a: Chi-Yu\n|move|p1b: Flutter Mane|Dazzling Gleam|p2b: Armarouge|[spread] p2a,p2b\n|-resisted|p2b: Armarouge\n|-damage|p2a: Indeedee|0 fnt\n|-damage|p2b: Armarouge|0 fnt\n|faint|p2a: Indeedee\n|faint|p2b: Armarouge\n|\n|upkeep\n|\n|t:|1681733282\n|switch|p2b: Hatterene|Hatterene, L50, F|100\/100\n|switch|p2a: Torkoal|Torkoal, L50, F|100\/100\n|switch|p1a: Amoonguss|Amoonguss, L50, M|100\/100\n|-weather|SunnyDay|[from] ability: Drought|[of] p2a: Torkoal\n|-activate|p1b: Flutter Mane|ability: Protosynthesis\n|-start|p1b: Flutter Mane|protosynthesisspa\n|turn|4\n|inactive|whowantssomecawfee has 30 seconds left.\n|\n|t:|1681733309\n|-end|p1b: Flutter Mane|Protosynthesis|[silent]\n|switch|p1b: Gyarados|Gyarados, L50, F|100\/100\n|-ability|p1b: Gyarados|Intimidate|boost\n|-unboost|p2a: Torkoal|atk|1\n|-unboost|p2b: Hatterene|atk|1\n|-terastallize|p1a: Amoonguss|Water\n|move|p2a: Torkoal|Eruption|p1b: Gyarados|[spread] p1a,p1b\n|-resisted|p1a: Amoonguss\n|-resisted|p1b: Gyarados\n|-damage|p1a: Amoonguss|58\/100\n|-damage|p1b: Gyarados|44\/100\n|move|p2b: Hatterene|Dazzling Gleam|p1a: Amoonguss|[spread] p1a,p1b\n|-damage|p1a: Amoonguss|28\/100\n|-damage|p1b: Gyarados|7\/100\n|-enditem|p1a: Amoonguss|Sitrus Berry|[eat]\n|-heal|p1a: Amoonguss|52\/100|[from] item: Sitrus Berry\n|move|p1a: Amoonguss|Spore|p2a: Torkoal\n|-status|p2a: Torkoal|slp|[from] move: Spore\n|\n|-weather|SunnyDay|[upkeep]\n|upkeep\n|turn|5\n|inactive|whowantssomecawfee has 30 seconds left.\n|inactive|LilTic has 30 seconds left.\n|l| Zakfj96\n|inactive|whowantssomecawfee has 20 seconds left.\n|inactive|whowantssomecawfee has 15 seconds left.\n|inactive|whowantssomecawfee has 10 seconds left.\n|\n|t:|1681733358\n|cant|p2a: Torkoal|slp\n|move|p2b: Hatterene|Dazzling Gleam|p1a: Amoonguss|[spread] p1a,p1b\n|-damage|p1a: Amoonguss|19\/100\n|-damage|p1b: Gyarados|0 fnt\n|faint|p1b: Gyarados\n|move|p1a: Amoonguss|Pollen Puff|p2b: Hatterene\n|-damage|p2b: Hatterene|83\/100\n|\n|-weather|SunnyDay|[upkeep]\n|-fieldend|move: Psychic Terrain\n|upkeep\n|\n|t:|1681733363\n|switch|p1b: Flutter Mane|Flutter Mane, L50|15\/100\n|-activate|p1b: Flutter Mane|ability: Protosynthesis\n|-start|p1b: Flutter Mane|protosynthesisspa\n|turn|6\n|j| Restgo\n|c|\u2606whowantssomecawfee|gah needed to protect\n|c|\u2606whowantssomecawfee|idk why i didn't\n|c|\u2606whowantssomecawfee|gg\n|c|\u2606LilTic|gg\n|c|\u2606LilTic|lucky me\n|\n|t:|1681733386\n|move|p1a: Amoonguss|Protect|p1a: Amoonguss\n|-singleturn|p1a: Amoonguss|Protect\n|-curestatus|p2a: Torkoal|slp|[msg]\n|move|p2a: Torkoal|Eruption|p1a: Amoonguss|[spread] p1b\n|-activate|p1a: Amoonguss|move: Protect\n|-damage|p1b: Flutter Mane|0 fnt\n|faint|p1b: Flutter Mane\n|-end|p1b: Flutter Mane|Protosynthesis|[silent]\n|move|p2b: Hatterene|Dazzling Gleam|p1a: Amoonguss\n|-activate|p1a: Amoonguss|move: Protect\n|\n|-weather|SunnyDay|[upkeep]\n|-fieldend|move: Trick Room\n|upkeep\n|turn|7\n|c|\u2606LilTic|this team is for doubles ou :D\n|-message|whowantssomecawfee forfeited.\n|\n|win|LilTic\n|n|\u2606whowantssomecawfee|whowantssomecawfee\n|n|\u2606LilTic|liltic\n|n| FunneeMonkee|funneemonkee\n|n| Wheeel|wheeel\n|n| Restgo|restgo\n","uploadtime":1681733393,"views":6,"p1id":"whowantssomecawfee","p2id":"liltic","formatid":"gen9vgc2023regulationc","rating":0,"private":0,"password":""}