{"id":"gen9vgc2023regulationc-1852178954","p1":"Tego_Amigo","p2":"Qubanos","format":"[Gen 9] VGC 2023 Regulation C","log":"|j|\u2606Tego_Amigo\n|j|\u2606Qubanos\n|t:|1682530637\n|gametype|doubles\n|player|p1|Tego_Amigo|102|1116\n|player|p2|Qubanos|janitor|1126\n|teamsize|p1|6\n|teamsize|p2|6\n|gen|9\n|tier|[Gen 9] VGC 2023 Regulation C\n|rated|\n|rule|Species Clause: Limit one of each Pok\u00e9mon\n|rule|Item Clause: Limit one of each item\n|clearpoke\n|poke|p1|Arcanine, L50, M|\n|poke|p1|Amoonguss, L50, M|\n|poke|p1|Palafin, L50, M|\n|poke|p1|Skeledirge, L50, M|\n|poke|p1|Annihilape, L50, M|\n|poke|p1|Flutter Mane, L50|\n|poke|p2|Dragonite, L50, M|\n|poke|p2|Medicham, L50, F|\n|poke|p2|Chien-Pao, L50|\n|poke|p2|Indeedee-F, L50, F|\n|poke|p2|Flutter Mane, L50|\n|poke|p2|Hawlucha, L50, F|\n|teampreview|4\n|inactive|Battle timer is ON: inactive players will automatically lose when time's up. (requested by Tego_Amigo)\nTego_Amigo rejected open team sheets.\n|inactive|Tego_Amigo has 60 seconds left.\n|\n|t:|1682530674\n|start\n|switch|p1a: Annihilape|Annihilape, L50, M, shiny|100\/100\n|switch|p1b: Flutter Mane|Flutter Mane, L50, shiny|100\/100\n|switch|p2a: Dragonite|Dragonite, L50, M|100\/100\n|switch|p2b: Medicham|Medicham, L50, F|100\/100\n|turn|1\n|inactive|Qubanos has 30 seconds left.\n|inactive|Qubanos has 20 seconds left.\n|inactive|Qubanos has 15 seconds left.\n|\n|t:|1682530718\n|-terastallize|p2a: Dragonite|Normal\n|move|p1a: Annihilape|Final Gambit|p2a: Dragonite\n|-damage|p2a: Dragonite|0 fnt\n|faint|p1a: Annihilape\n|faint|p2a: Dragonite\n|move|p2b: Medicham|Skill Swap|p2: Dragonite|[notarget]\n|-fail|p2b: Medicham\n|move|p1b: Flutter Mane|Dazzling Gleam|p2b: Medicham\n|-supereffective|p2b: Medicham\n|-damage|p2b: Medicham|0 fnt\n|faint|p2b: Medicham\n|\n|upkeep\n|\n|t:|1682530742\n|switch|p1a: Palafin|Palafin, L50, M, shiny|100\/100\n|switch|p2b: Flutter Mane|Flutter Mane, L50|100\/100\n|switch|p2a: Chien-Pao|Chien-Pao, L50|100\/100\n|-ability|p2a: Chien-Pao|Sword of Ruin\n|turn|2\n|\n|t:|1682530758\n|-terastallize|p1b: Flutter Mane|Fairy\n|move|p2a: Chien-Pao|Sucker Punch|p1b: Flutter Mane\n|-resisted|p1b: Flutter Mane\n|-damage|p1b: Flutter Mane|50\/100\n|move|p1b: Flutter Mane|Dazzling Gleam|p2a: Chien-Pao|[spread] p2a,p2b\n|-supereffective|p2a: Chien-Pao\n|-enditem|p2a: Chien-Pao|Focus Sash\n|-damage|p2a: Chien-Pao|1\/100\n|-damage|p2b: Flutter Mane|62\/100\n|move|p2b: Flutter Mane|Dazzling Gleam|p1b: Flutter Mane|[spread] p1a,p1b\n|-damage|p1a: Palafin|51\/100\n|-damage|p1b: Flutter Mane|10\/100\n|-damage|p2b: Flutter Mane|52\/100|[from] item: Life Orb\n|move|p1a: Palafin|Flip Turn|p2b: Flutter Mane\n|-damage|p2b: Flutter Mane|0 fnt\n|faint|p2b: Flutter Mane\n|-end|p2b: Flutter Mane|Protosynthesis|[silent]\n|-message|Qubanos forfeited.\n|\n|win|Tego_Amigo\n|raw|Tego_Amigo's rating: 1116 → 1142<\/strong> (+26 for winning)\n|raw|Qubanos's rating: 1126 → 1100<\/strong> (-26 for losing)\n|l|\u2606Qubanos\n","uploadtime":1682530780,"views":14,"p1id":"tegoamigo","p2id":"qubanos","formatid":"gen9vgc2023regulationc","rating":1100,"private":0,"password":""}