{"id":"gen9vgc2023regulationc-1861408096","p1":"iam_misterm","p2":"feetway","format":"[Gen 9] VGC 2023 Regulation C","log":"|j|\u2606iam_misterm\n|j|\u2606feetway\n|t:|1683754425\n|gametype|doubles\n|player|p1|iam_misterm|streetthug-masters|1144\n|player|p2|feetway|veteran-gen4|1119\n|teamsize|p1|6\n|teamsize|p2|6\n|gen|9\n|tier|[Gen 9] VGC 2023 Regulation C\n|rated|\n|rule|Species Clause: Limit one of each Pok\u00e9mon\n|rule|Item Clause: Limit one of each item\n|clearpoke\n|poke|p1|Revavroom, L50, M|\n|poke|p1|Baxcalibur, L50, F|\n|poke|p1|Volcarona, L50, M|\n|poke|p1|Gyarados, L50, F|\n|poke|p1|Wo-Chien, L50|\n|poke|p1|Grimmsnarl, L50, M|\n|poke|p2|Kingambit, L50, M|\n|poke|p2|Palafin, L50, M|\n|poke|p2|Pelipper, L50, M|\n|poke|p2|Raichu, L50, M|\n|poke|p2|Iron Valiant, L50|\n|poke|p2|Dragapult, L50, M|\n|teampreview|4\n|inactive|Battle timer is ON: inactive players will automatically lose when time's up. (requested by iam_misterm)\nfeetway rejected open team sheets.\n|inactive|feetway has 60 seconds left.\n|\n|t:|1683754481\n|start\n|switch|p1a: Wo-Chien|Wo-Chien, L50|100\/100\n|switch|p1b: Grimmsnarl|Grimmsnarl, L50, M|100\/100\n|switch|p2a: only a spoonful|Dragapult, L50, M|100\/100\n|switch|p2b: paradoxxer|Iron Valiant, L50|100\/100\n|-ability|p1a: Wo-Chien|Tablets of Ruin\n|turn|1\n|\n|t:|1683754503\n|move|p1b: Grimmsnarl|Reflect|p1b: Grimmsnarl\n|-sidestart|p1: iam_misterm|Reflect\n|move|p2a: only a spoonful|Will-O-Wisp|p1a: Wo-Chien\n|-status|p1a: Wo-Chien|brn\n|move|p2b: paradoxxer|Moonblast|p1b: Grimmsnarl\n|-supereffective|p1b: Grimmsnarl\n|-damage|p1b: Grimmsnarl|35\/100\n|-unboost|p1b: Grimmsnarl|spa|1\n|move|p1a: Wo-Chien|Foul Play|p2a: only a spoonful\n|-supereffective|p2a: only a spoonful\n|-damage|p2a: only a spoonful|33\/100\n|\n|-damage|p1a: Wo-Chien|94\/100 brn|[from] brn\n|upkeep\n|turn|2\n|inactive|iam_misterm has 30 seconds left.\n|inactive|feetway has 30 seconds left.\n|\n|t:|1683754534\n|switch|p2a: big ahh horn|Kingambit, L50, M, shiny|100\/100\n|move|p1b: Grimmsnarl|Thunder Wave|p2b: paradoxxer|[miss]\n|-miss|p1b: Grimmsnarl|p2b: paradoxxer\n|move|p2b: paradoxxer|Moonblast|p1b: Grimmsnarl\n|-supereffective|p1b: Grimmsnarl\n|-damage|p1b: Grimmsnarl|0 fnt\n|faint|p1b: Grimmsnarl\n|move|p1a: Wo-Chien|Snarl|p2b: paradoxxer|[spread] p2a,p2b\n|-resisted|p2a: big ahh horn\n|-resisted|p2b: paradoxxer\n|-damage|p2a: big ahh horn|95\/100\n|-damage|p2b: paradoxxer|90\/100\n|-unboost|p2a: big ahh horn|spa|1\n|-ability|p2a: big ahh horn|Defiant|boost\n|-boost|p2a: big ahh horn|atk|2\n|-unboost|p2b: paradoxxer|spa|1\n|\n|-damage|p1a: Wo-Chien|88\/100 brn|[from] brn\n|upkeep\n|\n|t:|1683754551\n|switch|p1b: Gyarados|Gyarados, L50, F|100\/100\n|-ability|p1b: Gyarados|Intimidate|boost\n|-unboost|p2a: big ahh horn|atk|1\n|-ability|p2a: big ahh horn|Defiant|boost\n|-boost|p2a: big ahh horn|atk|2\n|-unboost|p2b: paradoxxer|atk|1\n|turn|3\n|\n|t:|1683754562\n|-end|p2b: paradoxxer|Quark Drive|[silent]\n|switch|p2b: SUPERMAN|Palafin, L50, M, shiny|100\/100\n|move|p1b: Gyarados|Protect|p1b: Gyarados\n|-singleturn|p1b: Gyarados|Protect\n|move|p2a: big ahh horn|Sucker Punch||[still]\n|-fail|p2a: big ahh horn\n|move|p1a: Wo-Chien|Foul Play|p2a: big ahh horn\n|-resisted|p2a: big ahh horn\n|-damage|p2a: big ahh horn|68\/100\n|\n|-damage|p1a: Wo-Chien|82\/100 brn|[from] brn\n|upkeep\n|turn|4\n|c|\u2606iam_misterm|well\n|c|\u2606iam_misterm|it's been real!\n|-message|iam_misterm forfeited.\n|\n|win|feetway\n|raw|iam_misterm's rating: 1144 → 1117<\/strong> (-27 for losing)\n|raw|feetway's rating: 1119 → 1146<\/strong> (+27 for winning)\n|l|\u2606iam_misterm\n","uploadtime":1683754591,"views":7,"p1id":"iammisterm","p2id":"feetway","formatid":"gen9vgc2023regulationc","rating":1117,"private":0,"password":""}