{"id":"gen9vgc2023regulationc-1852488303","p1":"FanPoke2011","p2":"Terry kloak","format":"[Gen 9] VGC 2023 Regulation C","log":"|j|\u2606FanPoke2011\n|j|\u2606Terry kloak\n|t:|1682564136\n|gametype|doubles\n|player|p1|FanPoke2011|blackbelt-gen4dp|1517\n|player|p2|Terry kloak|gentleman-gen4|1629\n|teamsize|p1|6\n|teamsize|p2|6\n|gen|9\n|tier|[Gen 9] VGC 2023 Regulation C\n|rated|\n|rule|Species Clause: Limit one of each Pok\u00e9mon\n|rule|Item Clause: Limit one of each item\n|clearpoke\n|poke|p1|Chien-Pao, L50|\n|poke|p1|Dragonite, L50, F|\n|poke|p1|Flutter Mane, L50|\n|poke|p1|Volcarona, L50, F|\n|poke|p1|Gyarados, L50, F|\n|poke|p1|Great Tusk, L50|\n|poke|p2|Ceruledge, L50, F|\n|poke|p2|Orthworm, L50, F|\n|poke|p2|Ting-Lu, L50|\n|poke|p2|Dragonite, L50, M|\n|poke|p2|Iron Bundle, L50|\n|poke|p2|Gyarados, L50, F|\n|teampreview|4\nFanPoke2011 has agreed to open team sheets.\nTerry kloak has agreed to open team sheets.\n|\n|t:|1682564244\n|start\n|switch|p1a: Toxicidad|Flutter Mane, L50|100\/100\n|switch|p1b: Ronaldinho|Gyarados, L50, F, shiny|100\/100\n|switch|p2a: Gyarados|Gyarados, L50, F|100\/100\n|switch|p2b: Orthworm|Orthworm, L50, F|100\/100\n|-ability|p1b: Ronaldinho|Intimidate|boost\n|-unboost|p2a: Gyarados|atk|1\n|-unboost|p2b: Orthworm|atk|1\n|-ability|p2a: Gyarados|Intimidate|boost\n|-unboost|p1a: Toxicidad|atk|1\n|-unboost|p1b: Ronaldinho|atk|1\n|-enditem|p1a: Toxicidad|Booster Energy\n|-activate|p1a: Toxicidad|ability: Protosynthesis|[fromitem]\n|-start|p1a: Toxicidad|protosynthesisspa\n|turn|1\n|\n|t:|1682564266\n|move|p1a: Toxicidad|Substitute|p1a: Toxicidad\n|-start|p1a: Toxicidad|Substitute\n|-damage|p1a: Toxicidad|76\/100\n|move|p1b: Ronaldinho|Dragon Dance|p1b: Ronaldinho\n|-boost|p1b: Ronaldinho|atk|1\n|-boost|p1b: Ronaldinho|spe|1\n|move|p2a: Gyarados|Thunder Wave|p1b: Ronaldinho\n|-status|p1b: Ronaldinho|par\n|-enditem|p1b: Ronaldinho|Lum Berry|[eat]\n|-curestatus|p1b: Ronaldinho|par|[msg]\n|move|p2b: Orthworm|Shed Tail|p2b: Orthworm\n|-start|p2b: Orthworm|Substitute|[from] move: Shed Tail\n|-damage|p2b: Orthworm|50\/100\n|-enditem|p2b: Orthworm|Sitrus Berry|[eat]\n|-heal|p2b: Orthworm|75\/100|[from] item: Sitrus Berry\n|\n|t:|1682564281\n|switch|p2b: Iron Bundle|Iron Bundle, L50|100\/100|[from] Shed Tail\n|-enditem|p2b: Iron Bundle|Booster Energy\n|-activate|p2b: Iron Bundle|ability: Quark Drive|[fromitem]\n|-start|p2b: Iron Bundle|quarkdrivespe\n|\n|upkeep\n|turn|2\n|\n|t:|1682564300\n|move|p1b: Ronaldinho|Protect|p1b: Ronaldinho\n|-singleturn|p1b: Ronaldinho|Protect\n|move|p2b: Iron Bundle|Encore|p1a: Toxicidad\n|-start|p1a: Toxicidad|Encore\n|move|p1a: Toxicidad|Substitute|p1a: Toxicidad\n|-fail|p1a: Toxicidad|move: Substitute\n|move|p2a: Gyarados|Thunder Wave|p1b: Ronaldinho\n|-activate|p1b: Ronaldinho|move: Protect\n|\n|upkeep\n|turn|3\n|\n|t:|1682564326\n|-end|p1a: Toxicidad|Protosynthesis|[silent]\n|switch|p1a: Diego|Chien-Pao, L50|100\/100\n|-ability|p1a: Diego|Sword of Ruin\n|-terastallize|p1b: Ronaldinho|Flying\n|move|p2b: Iron Bundle|Encore|p1b: Ronaldinho\n|-start|p1b: Ronaldinho|Encore\n|move|p1b: Ronaldinho|Protect||[still]\n|-fail|p1b: Ronaldinho\n|move|p2a: Gyarados|Thunder Wave|p1b: Ronaldinho\n|-status|p1b: Ronaldinho|par\n|\n|upkeep\n|turn|4\n|j| akalenVCG\n|-message|FanPoke2011 forfeited.\n|\n|win|Terry kloak\n|raw|FanPoke2011's rating: 1517 → 1503<\/strong> (-14 for losing)\n|raw|Terry kloak's rating: 1629 → 1643<\/strong> (+14 for winning)\n|l|\u2606FanPoke2011\n","uploadtime":1682564349,"views":12,"p1id":"fanpoke2011","p2id":"terrykloak","formatid":"gen9vgc2023regulationc","rating":1503,"private":0,"password":""}