{"id":"gen9vgc2023regulationc-1863130352","p1":"dontSleepOnGiulio","p2":"N3_ArieL","format":"[Gen 9] VGC 2023 Regulation C","log":"|j|\u2606dontSleepOnGiulio\n|j|\u2606N3_ArieL\n|t:|1683976218\n|gametype|doubles\n|player|p1|dontSleepOnGiulio|giovanni|\n|player|p2|N3_ArieL|clair|\n|teamsize|p1|6\n|teamsize|p2|6\n|gen|9\n|tier|[Gen 9] VGC 2023 Regulation C\n|rated|Tournament battle\n|rule|Species Clause: Limit one of each Pok\u00e9mon\n|rule|Item Clause: Limit one of each item\n|clearpoke\n|poke|p1|Iron Jugulis, L50|\n|poke|p1|Gyarados, L50, M|\n|poke|p1|Garchomp, L50, F|\n|poke|p1|Gholdengo, L50|\n|poke|p1|Iron Hands, L50|\n|poke|p1|Maushold, L50|\n|poke|p2|Garchomp, L50, M|\n|poke|p2|Tyranitar, L50, F|\n|poke|p2|Corviknight, L50, F|\n|poke|p2|Lycanroc, L50, F|\n|poke|p2|Arcanine, L50, F|\n|poke|p2|Flutter Mane, L50|\n|teampreview|4\n|raw| Open Team Sheet for dontSleepOnGiulio<\/summary>Kostic 1-0 (Iron Jugulis) @ Booster Energy Ability: Quark Drive Level: 50 Tera Type: Fire - Snarl - Air Slash - Tailwind - Protect Fagioli 2-0 (Gyarados) @ Sitrus Berry Ability: Intimidate Level: 50 Tera Type: Water - Waterfall - Taunt - Thunder Wave - Helping Hand Cuadrado 3-2 (Garchomp) @ Life Orb Ability: Rough Skin Level: 50 Tera Type: Fire - Earthquake - Stomping Tantrum - Rock Slide - Protect Higuain 3-2 (Gholdengo) @ Covert Cloak Ability: Good as Gold Level: 50 Tera Type: Water - Make It Rain - Shadow Ball - Nasty Plot - Protect Marchisio 2-1 (Iron Hands) @ Assault Vest Ability: Quark Drive Level: 50 Tera Type: Grass - Wild Charge - Volt Switch - Drain Punch - Fake Out Ronaldo 2-1 (Maushold) @ Safety Goggles Ability: Friend Guard Level: 50 Tera Type: Ghost - Super Fang - Follow Me - Baby-Doll Eyes - Protect <\/details><\/div> Open Team Sheet for N3_ArieL<\/summary>Garchomp (M) @ Leftovers Ability: Sand Veil Level: 50 Tera Type: Fire - Dragon Claw - Earthquake - Substitute - Protect Tyranitar (F) @ Assault Vest Ability: Sand Stream Level: 50 Tera Type: Flying - Rock Slide - Assurance - Low Kick - Tera Blast Corviknight (F) @ Lum Berry Ability: Mirror Armor Level: 50 Tera Type: Fire - Brave Bird - Iron Head - Tailwind - Roost Lycanroc (F) @ Focus Sash Ability: Sand Rush Level: 50 Tera Type: Ghost - Rock Slide - Close Combat - Endeavor - Protect Arcanine (F) @ Safety Goggles Ability: Intimidate Level: 50 Tera Type: Grass - Flare Blitz - Extreme Speed - Will-O-Wisp - Howl Flutter Mane @ Booster Energy Ability: Protosynthesis Level: 50 Tera Type: Steel - Dazzling Gleam - Moonblast - Shadow Ball - Protect <\/details><\/div>\n|inactive|Battle timer is ON: inactive players will automatically lose when time's up. (requested by N3_ArieL)\n|c|\u2606N3_ArieL|glhf\n|inactive|dontSleepOnGiulio has 60 seconds left.\n|inactive|dontSleepOnGiulio has 30 seconds left.\n|\n|t:|1683976283\n|start\n|switch|p1a: Higuain 3-2|Gholdengo, L50|100\/100\n|switch|p1b: Ronaldo 2-1|Maushold, L50|100\/100\n|switch|p2a: Tyranitar|Tyranitar, L50, F|100\/100\n|switch|p2b: Lycanroc|Lycanroc, L50, F|100\/100\n|-weather|Sandstorm|[from] ability: Sand Stream|[of] p2a: Tyranitar\n|turn|1\n|inactive|dontSleepOnGiulio has 30 seconds left.\n|inactive|N3_ArieL has 30 seconds left.\n|\n|t:|1683976317\n|move|p1b: Ronaldo 2-1|Follow Me|p1b: Ronaldo 2-1\n|-singleturn|p1b: Ronaldo 2-1|move: Follow Me\n|move|p2b: Lycanroc|Rock Slide|p1b: Ronaldo 2-1|[spread] p1b\n|-miss|p2b: Lycanroc|p1a: Higuain 3-2\n|-damage|p1b: Ronaldo 2-1|65\/100\n|move|p1a: Higuain 3-2|Make It Rain|p2a: Tyranitar|[spread] p2a,p2b\n|-supereffective|p2a: Tyranitar\n|-supereffective|p2b: Lycanroc\n|-damage|p2a: Tyranitar|65\/100\n|-enditem|p2b: Lycanroc|Focus Sash\n|-damage|p2b: Lycanroc|1\/100\n|-unboost|p1a: Higuain 3-2|spa|1\n|move|p2a: Tyranitar|Assurance|p1b: Ronaldo 2-1\n|-damage|p1b: Ronaldo 2-1|0 fnt\n|faint|p1b: Ronaldo 2-1\n|\n|-weather|Sandstorm|[upkeep]\n|upkeep\n|c|\u2606dontSleepOnGiulio|hf\n|inactive|dontSleepOnGiulio has 30 seconds left.\n|inactive|dontSleepOnGiulio has 20 seconds left.\n|inactive|dontSleepOnGiulio has 15 seconds left.\n|\n|t:|1683976359\n|switch|p1b: Cuadrado 3-2|Garchomp, L50, F|100\/100\n|turn|2\n|inactive|dontSleepOnGiulio has 30 seconds left.\n|\n|t:|1683976386\n|-terastallize|p1a: Higuain 3-2|Water\n|-terastallize|p2a: Tyranitar|Flying\n|move|p1b: Cuadrado 3-2|Protect|p1b: Cuadrado 3-2\n|-singleturn|p1b: Cuadrado 3-2|Protect\n|move|p2b: Lycanroc|Endeavor|p1b: Cuadrado 3-2\n|-activate|p1b: Cuadrado 3-2|move: Protect\n|move|p2a: Tyranitar|Rock Slide|p1b: Cuadrado 3-2|[spread] p1a\n|-activate|p1b: Cuadrado 3-2|move: Protect\n|-damage|p1a: Higuain 3-2|77\/100\n|move|p1a: Higuain 3-2|Make It Rain|p2b: Lycanroc|[spread] p2a,p2b\n|-supereffective|p2b: Lycanroc\n|-damage|p2a: Tyranitar|46\/100\n|-damage|p2b: Lycanroc|0 fnt\n|-unboost|p1a: Higuain 3-2|spa|1\n|faint|p2b: Lycanroc\n|\n|-weather|Sandstorm|[upkeep]\n|-damage|p1a: Higuain 3-2|71\/100|[from] Sandstorm\n|-damage|p2a: Tyranitar|40\/100|[from] Sandstorm\n|upkeep\n|\n|t:|1683976406\n|switch|p2b: Flutter Mane|Flutter Mane, L50|100\/100\n|-enditem|p2b: Flutter Mane|Booster Energy\n|-activate|p2b: Flutter Mane|ability: Protosynthesis|[fromitem]\n|-start|p2b: Flutter Mane|protosynthesisspe\n|turn|3\n|inactive|dontSleepOnGiulio has 30 seconds left.\n|j| higashi no gab\n|\n|t:|1683976437\n|move|p2b: Flutter Mane|Moonblast|p1b: Cuadrado 3-2\n|-supereffective|p1b: Cuadrado 3-2\n|-damage|p1b: Cuadrado 3-2|0 fnt\n|faint|p1b: Cuadrado 3-2\n|move|p2a: Tyranitar|Rock Slide|p1a: Higuain 3-2\n|-damage|p1a: Higuain 3-2|37\/100\n|move|p1a: Higuain 3-2|Make It Rain|p2a: Tyranitar|[spread] p2a,p2b\n|-supereffective|p2b: Flutter Mane\n|-damage|p2a: Tyranitar|27\/100\n|-damage|p2b: Flutter Mane|58\/100\n|-unboost|p1a: Higuain 3-2|spa|1\n|\n|-weather|Sandstorm|[upkeep]\n|-damage|p2b: Flutter Mane|52\/100|[from] Sandstorm\n|-damage|p1a: Higuain 3-2|31\/100|[from] Sandstorm\n|-damage|p2a: Tyranitar|21\/100|[from] Sandstorm\n|upkeep\n|j| KyogreBoii\n|\n|t:|1683976448\n|switch|p1b: Marchisio 2-1|Iron Hands, L50|100\/100\n|turn|4\n|inactive|dontSleepOnGiulio has 30 seconds left.\n|inactive|N3_ArieL has 30 seconds left.\n|inactive|dontSleepOnGiulio has 20 seconds left.\n|\n|t:|1683976487\n|switch|p2a: Corviknight|Corviknight, L50, F|100\/100\n|move|p1b: Marchisio 2-1|Fake Out|p2a: Corviknight\n|-resisted|p2a: Corviknight\n|-damage|p2a: Corviknight|95\/100\n|move|p2b: Flutter Mane|Moonblast|p1b: Marchisio 2-1\n|-supereffective|p1b: Marchisio 2-1\n|-damage|p1b: Marchisio 2-1|53\/100\n|move|p1a: Higuain 3-2|Make It Rain|p2b: Flutter Mane|[spread] p2a,p2b\n|-resisted|p2a: Corviknight\n|-supereffective|p2b: Flutter Mane\n|-damage|p2a: Corviknight|87\/100\n|-damage|p2b: Flutter Mane|14\/100\n|-unboost|p1a: Higuain 3-2|spa|1\n|\n|-weather|Sandstorm|[upkeep]\n|-damage|p2b: Flutter Mane|8\/100|[from] Sandstorm\n|-damage|p1a: Higuain 3-2|25\/100|[from] Sandstorm\n|-damage|p1b: Marchisio 2-1|47\/100|[from] Sandstorm\n|upkeep\n|turn|5\n|-message|dontSleepOnGiulio forfeited.\n|\n|win|N3_ArieL\n|n|\u2606dontSleepOnGiulio|dontsleepongiulio\n|n|\u2606N3_ArieL|n3ariel\n|n| higashi no gab|higashinogab\n|n| KyogreBoii|kyogreboii\n|l|\u2606N3_ArieL\n|l| higashi no gab\n|j|\u2606N3_ArieL\n|player|p2|N3_ArieL|clair\n","uploadtime":1683976510,"views":14,"p1id":"dontsleepongiulio","p2id":"n3ariel","formatid":"gen9vgc2023regulationc","rating":0,"private":0,"password":""}