{"id":"gen9vgc2023regulationc-1845299941","p1":"Sumo'sWeenusVGC","p2":"randy.zhang.2020","format":"[Gen 9] VGC 2023 Regulation C","log":"|j|\u2606Sumo'sWeenusVGC\n|j|\u2606randy.zhang.2020\n|t:|1681710421\n|gametype|doubles\n|player|p1|Sumo'sWeenusVGC|colress|1171\n|player|p2|randy.zhang.2020|169|1074\n|teamsize|p1|6\n|teamsize|p2|6\n|gen|9\n|tier|[Gen 9] VGC 2023 Regulation C\n|rated|\n|rule|Species Clause: Limit one of each Pok\u00e9mon\n|rule|Item Clause: Limit one of each item\n|clearpoke\n|poke|p1|Ting-Lu, L50|\n|poke|p1|Wo-Chien, L50|\n|poke|p1|Flutter Mane, L50|\n|poke|p1|Glimmora, L50, F|\n|poke|p1|Palafin, L50, F|\n|poke|p1|Arcanine, L50, M|\n|poke|p2|Pelipper, L50, F|\n|poke|p2|Palafin, L50, M|\n|poke|p2|Rotom-Mow, L50|\n|poke|p2|Tsareena, L50, F|\n|poke|p2|Brute Bonnet, L50|\n|poke|p2|Gholdengo, L50|\n|teampreview|4\n|inactive|Battle timer is ON: inactive players will automatically lose when time's up. (requested by Sumo'sWeenusVGC)\nSumo'sWeenusVGC has agreed to open team sheets.\n|inactive|Sumo'sWeenusVGC has 60 seconds left.\n|inactive|randy.zhang.2020 has 60 seconds left.\n|\n|t:|1681710463\n|start\n|switch|p1a: Bad Dolphin|Palafin, L50, F, shiny|100\/100\n|switch|p1b: Goodest Boi|Arcanine, L50, M, shiny|100\/100\n|switch|p2a: Pelipper|Pelipper, L50, F|100\/100\n|switch|p2b: Palafin|Palafin, L50, M|100\/100\n|-ability|p1b: Goodest Boi|Intimidate|boost\n|-unboost|p2a: Pelipper|atk|1\n|-unboost|p2b: Palafin|atk|1\n|-weather|RainDance|[from] ability: Drizzle|[of] p2a: Pelipper\n|turn|1\n|inactive|Sumo'sWeenusVGC has 30 seconds left.\n|inactive|randy.zhang.2020 has 30 seconds left.\n|\n|t:|1681710491\n|detailschange|p2b: Palafin|Palafin-Hero, L50, M\n|switch|p2b: Brute Bonnet|Brute Bonnet, L50|100\/100\n|detailschange|p1a: Bad Dolphin|Palafin-Hero, L50, F, shiny\n|switch|p1a: Ting-Lu|Ting-Lu, L50|100\/100\n|-ability|p1a: Ting-Lu|Vessel of Ruin\n|move|p1b: Goodest Boi|Protect|p1b: Goodest Boi\n|-singleturn|p1b: Goodest Boi|Protect\n|move|p2a: Pelipper|Tailwind|p2a: Pelipper\n|-sidestart|p2: randy.zhang.2020|move: Tailwind\n|\n|-weather|RainDance|[upkeep]\n|upkeep\n|turn|2\n|inactive|Sumo'sWeenusVGC has 30 seconds left.\n|\n|t:|1681710523\n|-terastallize|p1a: Ting-Lu|Flying\n|move|p2a: Pelipper|Hydro Pump|p1b: Goodest Boi\n|-supereffective|p1b: Goodest Boi\n|-damage|p1b: Goodest Boi|33\/100\n|move|p2b: Brute Bonnet|Spore|p1a: Ting-Lu\n|-status|p1a: Ting-Lu|slp|[from] move: Spore\n|move|p1b: Goodest Boi|Will-O-Wisp|p2b: Brute Bonnet\n|-status|p2b: Brute Bonnet|brn\n|cant|p1a: Ting-Lu|slp\n|\n|-weather|RainDance|[upkeep]\n|-damage|p2b: Brute Bonnet|95\/100 brn|[from] brn\n|upkeep\n|turn|3\n|inactive|randy.zhang.2020 has 30 seconds left.\n|inactive|randy.zhang.2020 has 20 seconds left.\n|\n|t:|1681710562\n|-end|p2b: Brute Bonnet|Protosynthesis|[silent]\n|switch|p2b: Palafin|Palafin-Hero, L50, M|100\/100\n|-activate|p2b: Palafin|ability: Zero to Hero\n|switch|p1b: Bad Dolphin|Palafin-Hero, L50, F, shiny|100\/100\n|-activate|p1b: Bad Dolphin|ability: Zero to Hero\n|move|p2a: Pelipper|Hurricane|p1b: Bad Dolphin\n|-damage|p1b: Bad Dolphin|73\/100\n|-curestatus|p1a: Ting-Lu|slp|[msg]\n|move|p1a: Ting-Lu|Fissure|p2b: Palafin\n|-damage|p2b: Palafin|0 fnt\n|faint|p2b: Palafin\n|-ohko\n|\n|-weather|RainDance|[upkeep]\n|upkeep\n|-message|randy.zhang.2020 forfeited.\n|\n|win|Sumo'sWeenusVGC\n|raw|Sumo'sWeenusVGC's rating: 1171 → 1189<\/strong> (+18 for winning)\n|raw|randy.zhang.2020's rating: 1074 → 1059<\/strong> (-15 for losing)\n|l|\u2606randy.zhang.2020\n","uploadtime":1681710587,"views":13,"p1id":"sumosweenusvgc","p2id":"randyzhang2020","formatid":"gen9vgc2023regulationc","rating":1059,"private":0,"password":""}