{"id":"gen9vgc2023regulationc-1863907556","p1":"wackomarko","p2":"FedEx Express","format":"[Gen 9] VGC 2023 Regulation C","log":"|j|\u2606wackomarko\n|j|\u2606FedEx Express\n|t:|1684091944\n|gametype|doubles\n|player|p1|wackomarko|hiker-gen4|1108\n|player|p2|FedEx Express|102|1207\n|teamsize|p1|6\n|teamsize|p2|6\n|gen|9\n|tier|[Gen 9] VGC 2023 Regulation C\n|rated|\n|rule|Species Clause: Limit one of each Pok\u00e9mon\n|rule|Item Clause: Limit one of each item\n|clearpoke\n|poke|p1|Talonflame, L50, M|\n|poke|p1|Amoonguss, L50, M|\n|poke|p1|Flutter Mane, L50|\n|poke|p1|Chien-Pao, L50|\n|poke|p1|Gyarados, L50, M|\n|poke|p1|Dragapult, L50, F|\n|poke|p2|Iron Hands, L50|\n|poke|p2|Scream Tail, L50|\n|poke|p2|Torkoal, L50, F|\n|poke|p2|Annihilape, L50, M|\n|poke|p2|Jumpluff, L50, M|\n|poke|p2|Flutter Mane, L50|\n|teampreview|4\n|inactive|Battle timer is ON: inactive players will automatically lose when time's up. (requested by FedEx Express)\nFedEx Express rejected open team sheets.\n|inactive|wackomarko has 60 seconds left.\n|\n|t:|1684091987\n|start\n|switch|p1a: Talonflame|Talonflame, L50, M, shiny|100\/100\n|switch|p1b: Gyarados|Gyarados, L50, M, shiny|100\/100\n|switch|p2a: Annihilape|Annihilape, L50, M|100\/100\n|switch|p2b: Scream Tail|Scream Tail, L50|100\/100\n|-ability|p1b: Gyarados|Intimidate|boost\n|-unboost|p2a: Annihilape|atk|1\n|-ability|p2a: Annihilape|Defiant|boost\n|-boost|p2a: Annihilape|atk|2\n|-unboost|p2b: Scream Tail|atk|1\n|-enditem|p2b: Scream Tail|Booster Energy\n|-activate|p2b: Scream Tail|ability: Protosynthesis|[fromitem]\n|-start|p2b: Scream Tail|protosynthesisspd\n|turn|1\n|inactive|wackomarko has 30 seconds left.\n|inactive|wackomarko has 20 seconds left.\n|inactive|wackomarko has 15 seconds left.\n|inactive|wackomarko has 10 seconds left.\n|inactive|wackomarko has 5 seconds left.\n|\n|t:|1684092038\n|move|p2a: Annihilape|Final Gambit|p1b: Gyarados\n|-damage|p1b: Gyarados|0 fnt\n|faint|p2a: Annihilape\n|faint|p1b: Gyarados\n|move|p1a: Talonflame|Taunt|p2b: Scream Tail\n|-start|p2b: Scream Tail|move: Taunt\n|cant|p2b: Scream Tail|move: Taunt|Trick Room\n|\n|upkeep\n|\n|t:|1684092050\n|switch|p2a: Torkoal|Torkoal, L50, F|100\/100\n|switch|p1b: Chien-Pao|Chien-Pao, L50|100\/100\n|-ability|p1b: Chien-Pao|Sword of Ruin\n|-weather|SunnyDay|[from] ability: Drought|[of] p2a: Torkoal\n|turn|2\n|inactive|wackomarko has 30 seconds left.\n|inactive|wackomarko has 20 seconds left.\n|inactive|wackomarko has 15 seconds left.\n|\n|t:|1684092091\n|-terastallize|p1b: Chien-Pao|Ghost\n|-terastallize|p2a: Torkoal|Fire\n|move|p1b: Chien-Pao|Sucker Punch|p2a: Torkoal\n|-damage|p2a: Torkoal|67\/100\n|move|p1a: Talonflame|Brave Bird|p2a: Torkoal\n|-damage|p2a: Torkoal|29\/100\n|-damage|p1a: Talonflame|88\/100|[from] Recoil\n|move|p2b: Scream Tail|Dazzling Gleam|p1b: Chien-Pao|[spread] p1a,p1b\n|-resisted|p1a: Talonflame\n|-damage|p1a: Talonflame|78\/100\n|-damage|p1b: Chien-Pao|79\/100\n|move|p2a: Torkoal|Heat Wave|p1a: Talonflame|[spread] p1a,p1b\n|-resisted|p1a: Talonflame\n|-damage|p1a: Talonflame|9\/100\n|-damage|p1b: Chien-Pao|0 fnt\n|faint|p1b: Chien-Pao\n|\n|-weather|SunnyDay|[upkeep]\n|upkeep\n|\n|t:|1684092107\n|switch|p1b: Flutter Mane|Flutter Mane, L50, shiny|100\/100\n|-activate|p1b: Flutter Mane|ability: Protosynthesis\n|-start|p1b: Flutter Mane|protosynthesisspe\n|turn|3\n|\n|t:|1684092118\n|move|p1b: Flutter Mane|Shadow Ball|p2b: Scream Tail\n|-supereffective|p2b: Scream Tail\n|-damage|p2b: Scream Tail|43\/100\n|-damage|p1b: Flutter Mane|91\/100|[from] item: Life Orb\n|move|p1a: Talonflame|Brave Bird|p2a: Torkoal\n|-damage|p2a: Torkoal|0 fnt\n|faint|p2a: Torkoal\n|-damage|p1a: Talonflame|0 fnt|[from] Recoil\n|faint|p1a: Talonflame\n|move|p2b: Scream Tail|Dazzling Gleam|p1b: Flutter Mane\n|-damage|p1b: Flutter Mane|72\/100\n|\n|-weather|SunnyDay|[upkeep]\n|-end|p2b: Scream Tail|move: Taunt\n|upkeep\n|\n|t:|1684092130\n|switch|p2a: Iron Hands|Iron Hands, L50|100\/100\n|turn|4\n|\n|t:|1684092145\n|move|p2b: Scream Tail|Helping Hand|p2a: Iron Hands\n|-singleturn|p2a: Iron Hands|Helping Hand|[of] p2b: Scream Tail\n|move|p1b: Flutter Mane|Dazzling Gleam|p2a: Iron Hands|[spread] p2a,p2b\n|-supereffective|p2a: Iron Hands\n|-damage|p2a: Iron Hands|55\/100\n|-damage|p2b: Scream Tail|24\/100\n|-damage|p1b: Flutter Mane|62\/100|[from] item: Life Orb\n|move|p2a: Iron Hands|Wild Charge|p1b: Flutter Mane\n|-damage|p1b: Flutter Mane|0 fnt\n|faint|p1b: Flutter Mane\n|-end|p1b: Flutter Mane|Protosynthesis|[silent]\n|-damage|p2a: Iron Hands|45\/100|[from] Recoil\n|\n|win|FedEx Express\n|raw|wackomarko's rating: 1108 → 1090<\/strong> (-18 for losing)\n|raw|FedEx Express's rating: 1207 → 1225<\/strong> (+18 for winning)\n","uploadtime":1684092159,"views":5,"p1id":"wackomarko","p2id":"fedexexpress","formatid":"gen9vgc2023regulationc","rating":1090,"private":0,"password":""}