{"id":"gen9vgc2023regulationc-1860767153","p1":"yamaguronekuro","p2":"futonkagebunshin","format":"[Gen 9] VGC 2023 Regulation C","log":"|j|\u2606yamaguronekuro\n|j|\u2606futonkagebunshin\n|t:|1683675419\n|gametype|doubles\n|player|p1|yamaguronekuro|169|1616\n|player|p2|futonkagebunshin|policeman-gen4|1512\n|teamsize|p1|6\n|teamsize|p2|6\n|gen|9\n|tier|[Gen 9] VGC 2023 Regulation C\n|rated|\n|rule|Species Clause: Limit one of each Pok\u00e9mon\n|rule|Item Clause: Limit one of each item\n|clearpoke\n|poke|p1|Annihilape, L50, M|\n|poke|p1|Maushold-Four, L50|\n|poke|p1|Chi-Yu, L50|\n|poke|p1|Flutter Mane, L50|\n|poke|p1|Wo-Chien, L50|\n|poke|p1|Iron Bundle, L50|\n|poke|p2|Oranguru, L50, F|\n|poke|p2|Grimmsnarl, L50, M|\n|poke|p2|Baxcalibur, L50, M|\n|poke|p2|Flutter Mane, L50|\n|poke|p2|Rotom-Wash, L50|\n|poke|p2|Arcanine, L50, F|\n|teampreview|4\n|inactive|Battle timer is ON: inactive players will automatically lose when time's up. (requested by futonkagebunshin)\n|inactive|yamaguronekuro has 60 seconds left.\n|\n|t:|1683675514\n|start\n|switch|p1a: Flutter Mane|Flutter Mane, L50|100\/100\n|switch|p1b: Chi-Yu|Chi-Yu, L50|100\/100\n|switch|p2a: Grimmsnarl|Grimmsnarl, L50, M|100\/100\n|switch|p2b: Flutter Mane|Flutter Mane, L50|100\/100\n|-ability|p1b: Chi-Yu|Beads of Ruin\n|turn|1\n|inactive|futonkagebunshin has 30 seconds left.\n|\n|t:|1683675540\n|move|p2a: Grimmsnarl|Light Screen|p2a: Grimmsnarl\n|-sidestart|p2: futonkagebunshin|move: Light Screen\n|move|p1b: Chi-Yu|Heat Wave|p2b: Flutter Mane|[spread] p2a,p2b\n|-damage|p2a: Grimmsnarl|70\/100\n|-damage|p2b: Flutter Mane|68\/100\n|-status|p2a: Grimmsnarl|brn\n|move|p1a: Flutter Mane|Moonblast|p2a: Grimmsnarl\n|-supereffective|p2a: Grimmsnarl\n|-damage|p2a: Grimmsnarl|0 fnt\n|faint|p2a: Grimmsnarl\n|move|p2b: Flutter Mane|Dazzling Gleam|p1a: Flutter Mane|[spread] p1a,p1b\n|-damage|p1a: Flutter Mane|29\/100\n|-damage|p1b: Chi-Yu|48\/100\n|\n|upkeep\n|\n|t:|1683675550\n|switch|p2a: Baxcalibur|Baxcalibur, L50, M|100\/100\n|turn|2\n|inactive|yamaguronekuro has 30 seconds left.\n|inactive|yamaguronekuro has 20 seconds left.\n|\n|t:|1683675589\n|-end|p2b: Flutter Mane|Protosynthesis|[silent]\n|switch|p2b: Rotom|Rotom-Wash, L50|100\/100\n|-terastallize|p2a: Baxcalibur|Ground\n|move|p1a: Flutter Mane|Protect|p1a: Flutter Mane\n|-singleturn|p1a: Flutter Mane|Protect\n|move|p1b: Chi-Yu|Heat Wave|p2a: Baxcalibur|[spread] p2b\n|-miss|p1b: Chi-Yu|p2a: Baxcalibur\n|-resisted|p2b: Rotom\n|-damage|p2b: Rotom|81\/100\n|-status|p2b: Rotom|brn\n|move|p2a: Baxcalibur|Earthquake|p1b: Chi-Yu|[spread] p1b\n|-activate|p1a: Flutter Mane|move: Protect\n|-immune|p2b: Rotom|[from] ability: Levitate\n|-supereffective|p1b: Chi-Yu\n|-damage|p1b: Chi-Yu|0 fnt\n|faint|p1b: Chi-Yu\n|\n|-damage|p2b: Rotom|75\/100 brn|[from] brn\n|upkeep\n|j| GrimStone696\n|c|\u2606futonkagebunshin|Wow\n|inactive|yamaguronekuro has 30 seconds left.\n|\n|t:|1683675619\n|switch|p1b: Annihilape|Annihilape, L50, M|100\/100\n|turn|3\n|\n|t:|1683675635\n|move|p1a: Flutter Mane|Moonblast|p2b: Rotom\n|-damage|p2b: Rotom|36\/100 brn\n|-unboost|p2b: Rotom|spa|1\n|-enditem|p2b: Rotom|Sitrus Berry|[eat]\n|-heal|p2b: Rotom|60\/100 brn|[from] item: Sitrus Berry\n|move|p1b: Annihilape|Bulk Up|p1b: Annihilape\n|-boost|p1b: Annihilape|atk|1\n|-boost|p1b: Annihilape|def|1\n|move|p2b: Rotom|Discharge|p1a: Flutter Mane|[spread] p1a,p1b\n|-immune|p2a: Baxcalibur\n|-damage|p1a: Flutter Mane|10\/100\n|-damage|p1b: Annihilape|88\/100\n|-status|p1a: Flutter Mane|par\n|move|p2a: Baxcalibur|Glaive Rush|p1b: Annihilape\n|-crit|p1b: Annihilape\n|-damage|p1b: Annihilape|0 fnt\n|-singlemove|p2a: Baxcalibur|Glaive Rush|[silent]\n|faint|p1b: Annihilape\n|\n|-damage|p2b: Rotom|55\/100 brn|[from] brn\n|upkeep\n|c|\u2606futonkagebunshin|Bro\n|c|\u2606futonkagebunshin|Fibally\n|c|\u2606futonkagebunshin|Nally\n|-message|yamaguronekuro forfeited.\n|\n|win|futonkagebunshin\n|raw|yamaguronekuro's rating: 1616 → 1590<\/strong> (-26 for losing)\n|raw|futonkagebunshin's rating: 1512 → 1538<\/strong> (+26 for winning)\n|l|\u2606futonkagebunshin\n|l|\u2606yamaguronekuro\n","uploadtime":1683676088,"views":23,"p1id":"yamaguronekuro","p2id":"futonkagebunshin","formatid":"gen9vgc2023regulationc","rating":1538,"private":0,"password":""}