{"id":"gen9vgc2023regulationc-1855372960","p1":"jtpjdagj112","p2":"pardosimmia","format":"[Gen 9] VGC 2023 Regulation C","log":"|j|\u2606jtpjdagj112\n|j|\u2606pardosimmia\n|t:|1682944514\n|gametype|doubles\n|player|p1|jtpjdagj112|169|1400\n|player|p2|pardosimmia|169|1318\n|teamsize|p1|6\n|teamsize|p2|6\n|gen|9\n|tier|[Gen 9] VGC 2023 Regulation C\n|rated|\n|rule|Species Clause: Limit one of each Pok\u00e9mon\n|rule|Item Clause: Limit one of each item\n|clearpoke\n|poke|p1|Baxcalibur, L50, M|\n|poke|p1|Amoonguss, L50, M|\n|poke|p1|Arcanine, L50, F|\n|poke|p1|Ting-Lu, L50|\n|poke|p1|Palafin, L50, M|\n|poke|p1|Flutter Mane, L50|\n|poke|p2|Annihilape, L50, F|\n|poke|p2|Maushold-Four, L50|\n|poke|p2|Flutter Mane, L50|\n|poke|p2|Great Tusk, L50|\n|poke|p2|Amoonguss, L50, M|\n|poke|p2|Murkrow, L50, M|\n|teampreview|4\n|\n|t:|1682944540\n|start\n|switch|p1a: Palafin|Palafin, L50, M|100\/100\n|switch|p1b: Flutter Mane|Flutter Mane, L50|100\/100\n|switch|p2a: Annihilape|Annihilape, L50, F, shiny|100\/100\n|switch|p2b: Maushold|Maushold-Four, L50|100\/100\n|turn|1\n|\n|t:|1682944557\n|-terastallize|p2a: Annihilape|Water\n|move|p2b: Maushold|Protect|p2b: Maushold\n|-singleturn|p2b: Maushold|Protect\n|move|p1a: Palafin|Jet Punch|p2b: Maushold\n|-activate|p2b: Maushold|move: Protect\n|move|p1b: Flutter Mane|Moonblast|p2b: Maushold\n|-activate|p2b: Maushold|move: Protect\n|move|p2a: Annihilape|Rage Fist|p1b: Flutter Mane\n|-supereffective|p1b: Flutter Mane\n|-damage|p1b: Flutter Mane|36\/100\n|\n|upkeep\n|turn|2\n|-message|jtpjdagj112 forfeited.\n|\n|win|pardosimmia\n|raw|jtpjdagj112's rating: 1400 → 1375<\/strong> (-25 for losing)\n|raw|pardosimmia's rating: 1318 → 1343<\/strong> (+25 for winning)\n|l|\u2606jtpjdagj112\n","uploadtime":1682944578,"views":21,"p1id":"jtpjdagj112","p2id":"pardosimmia","formatid":"gen9vgc2023regulationc","rating":1343,"private":0,"password":""}