{"id":"gen9vgc2023regulationc-1859451678","p1":"iraqanid","p2":"panzerinoo","format":"[Gen 9] VGC 2023 Regulation C","log":"|j|\u2606iraqanid\n|j|\u2606panzerinoo\n|t:|1683470271\n|gametype|doubles\n|player|p1|iraqanid|biker|1167\n|player|p2|panzerinoo|169|1136\n|teamsize|p1|6\n|teamsize|p2|6\n|gen|9\n|tier|[Gen 9] VGC 2023 Regulation C\n|rated|\n|rule|Species Clause: Limit one of each Pok\u00e9mon\n|rule|Item Clause: Limit one of each item\n|clearpoke\n|poke|p1|Chien-Pao, L50|\n|poke|p1|Breloom, L50, F|\n|poke|p1|Garganacl, L50, M|\n|poke|p1|Dondozo, L50, M|\n|poke|p1|Arcanine, L50, M|\n|poke|p1|Iron Bundle, L50|\n|poke|p2|Lilligant, L50, F|\n|poke|p2|Torkoal, L50, F|\n|poke|p2|Flutter Mane, L50|\n|poke|p2|Kingambit, L50, F|\n|poke|p2|Dragonite, L50, F|\n|poke|p2|Great Tusk, L50|\n|teampreview|4\niraqanid has agreed to open team sheets.\n|\n|t:|1683470314\n|start\n|switch|p1a: Arcanine|Arcanine, L50, M|100\/100\n|switch|p1b: Garganacl|Garganacl, L50, M|100\/100\n|switch|p2a: TT|Lilligant, L50, F, shiny|100\/100\n|switch|p2b: Breakthrough|Torkoal, L50, F, shiny|100\/100\n|-ability|p1a: Arcanine|Intimidate|boost\n|-unboost|p2a: TT|atk|1\n|-unboost|p2b: Breakthrough|atk|1\n|-weather|SunnyDay|[from] ability: Drought|[of] p2b: Breakthrough\n|turn|1\n|inactive|Battle timer is ON: inactive players will automatically lose when time's up. (requested by panzerinoo)\n|\n|t:|1683470334\n|move|p2a: TT|After You|p2b: Breakthrough\n|-activate|p2b: Breakthrough|move: After You\n|move|p2b: Breakthrough|Earth Power|p1b: Garganacl\n|-supereffective|p1b: Garganacl\n|-damage|p1b: Garganacl|61\/100\n|move|p1a: Arcanine|Flare Blitz|p2a: TT\n|-supereffective|p2a: TT\n|-enditem|p2a: TT|Focus Sash\n|-damage|p2a: TT|1\/100\n|-damage|p1a: Arcanine|76\/100|[from] Recoil\n|move|p1b: Garganacl|Salt Cure|p2b: Breakthrough\n|-supereffective|p2b: Breakthrough\n|-damage|p2b: Breakthrough|77\/100\n|-start|p2b: Breakthrough|Salt Cure\n|\n|-weather|SunnyDay|[upkeep]\n|-damage|p2b: Breakthrough|64\/100|[from] Salt Cure\n|upkeep\n|turn|2\n|\n|t:|1683470357\n|move|p2a: TT|Protect|p2a: TT\n|-singleturn|p2a: TT|Protect\n|move|p1a: Arcanine|Extreme Speed|p2a: TT\n|-activate|p2a: TT|move: Protect\n|move|p1b: Garganacl|Recover|p1b: Garganacl\n|-heal|p1b: Garganacl|100\/100\n|move|p2b: Breakthrough|Earth Power|p1a: Arcanine\n|-supereffective|p1a: Arcanine\n|-damage|p1a: Arcanine|24\/100\n|\n|-weather|SunnyDay|[upkeep]\n|-damage|p2b: Breakthrough|52\/100|[from] Salt Cure\n|upkeep\n|turn|3\n|\n|t:|1683470377\n|switch|p2a: FANCY|Flutter Mane, L50, shiny|100\/100\n|-activate|p2a: FANCY|ability: Protosynthesis\n|-start|p2a: FANCY|protosynthesisspa\n|move|p1a: Arcanine|Flare Blitz|p2a: FANCY\n|-damage|p2a: FANCY|0 fnt\n|faint|p2a: FANCY\n|-end|p2a: FANCY|Protosynthesis|[silent]\n|-damage|p1a: Arcanine|2\/100|[from] Recoil\n|move|p1b: Garganacl|Stealth Rock|p2b: Breakthrough\n|-sidestart|p2: panzerinoo|move: Stealth Rock\n|move|p2b: Breakthrough|Earth Power|p1a: Arcanine\n|-supereffective|p1a: Arcanine\n|-damage|p1a: Arcanine|0 fnt\n|faint|p1a: Arcanine\n|\n|-weather|SunnyDay|[upkeep]\n|-damage|p2b: Breakthrough|39\/100|[from] Salt Cure\n|upkeep\n|inactive|panzerinoo has 30 seconds left.\n|\n|t:|1683470407\n|switch|p2a: HOT|Kingambit, L50, F, shiny|100\/100\n|switch|p1a: Chien-Pao|Chien-Pao, L50|100\/100\n|-ability|p1a: Chien-Pao|Sword of Ruin\n|-damage|p2a: HOT|95\/100|[from] Stealth Rock\n|turn|4\n|\n|t:|1683470424\n|-terastallize|p2a: HOT|Fire\n|-terastallize|p1b: Garganacl|Water\n|move|p1a: Chien-Pao|Throat Chop|p2b: Breakthrough\n|-damage|p2b: Breakthrough|0 fnt\n|faint|p2b: Breakthrough\n|-damage|p1a: Chien-Pao|91\/100|[from] item: Life Orb\n|move|p2a: HOT|Iron Head|p1b: Garganacl\n|-resisted|p1b: Garganacl\n|-damage|p1b: Garganacl|82\/100\n|move|p1b: Garganacl|Salt Cure|p2a: HOT\n|-supereffective|p2a: HOT\n|-damage|p2a: HOT|68\/100\n|-start|p2a: HOT|Salt Cure\n|\n|-weather|SunnyDay|[upkeep]\n|-damage|p2a: HOT|56\/100|[from] Salt Cure\n|upkeep\n|-message|panzerinoo forfeited.\n|\n|win|iraqanid\n|raw|iraqanid's rating: 1167 → 1190<\/strong> (+23 for winning)\n|raw|panzerinoo's rating: 1136 → 1113<\/strong> (-23 for losing)\n|l|\u2606panzerinoo\n","uploadtime":1683470441,"views":14,"p1id":"iraqanid","p2id":"panzerinoo","formatid":"gen9vgc2023regulationc","rating":1113,"private":0,"password":""}