{"id":"gen9vgc2023regulationc-1847653438","p1":"Snoot boi","p2":"Bananen Pa Banen","format":"[Gen 9] VGC 2023 Regulation C","log":"|j|\u2606Snoot boi\n|j|\u2606Bananen Pa Banen\n|t:|1681988084\n|gametype|doubles\n|player|p1|Snoot boi|blue|1089\n|player|p2|Bananen Pa Banen|266|1046\n|teamsize|p1|6\n|teamsize|p2|6\n|gen|9\n|tier|[Gen 9] VGC 2023 Regulation C\n|rated|\n|rule|Species Clause: Limit one of each Pok\u00e9mon\n|rule|Item Clause: Limit one of each item\n|clearpoke\n|poke|p1|Flutter Mane, L50|\n|poke|p1|Dragonite, L50, F|\n|poke|p1|Tsareena, L50, F|\n|poke|p1|Chien-Pao, L50|\n|poke|p1|Arcanine, L50, F|\n|poke|p1|Scream Tail, L50|\n|poke|p2|Arrokuda, L50, M|\n|poke|p2|Tadbulb, L50, M|\n|poke|p2|Foongus, L50, F|\n|poke|p2|Tandemaus, L50|\n|poke|p2|Fletchling, L50, M|\n|poke|p2|Charcadet, L50, M|\n|teampreview|4\n|\n|t:|1681988105\n|start\n|switch|p1a: Scream Tail|Scream Tail, L50|100\/100\n|switch|p1b: Chien-Pao|Chien-Pao, L50|100\/100\n|switch|p2a: Foongus|Foongus, L50, F|100\/100\n|switch|p2b: Fletchling|Fletchling, L50, M|100\/100\n|-ability|p1b: Chien-Pao|Sword of Ruin\n|turn|1\n|\n|t:|1681988120\n|move|p2b: Fletchling|Tailwind|p2b: Fletchling\n|-sidestart|p2: Bananen Pa Banen|move: Tailwind\n|move|p1b: Chien-Pao|Ice Spinner|p2a: Foongus\n|-supereffective|p2a: Foongus\n|-damage|p2a: Foongus|0 fnt\n|-damage|p1b: Chien-Pao|84\/100|[from] item: Rocky Helmet|[of] p2a: Foongus\n|faint|p2a: Foongus\n|move|p1a: Scream Tail|Dazzling Gleam|p2b: Fletchling\n|-damage|p2b: Fletchling|40\/100\n|\n|upkeep\n|\n|t:|1681988129\n|switch|p2a: Arrokuda|Arrokuda, L50, M, shiny|100\/100\n|turn|2\n|\n|t:|1681988165\n|-terastallize|p2a: Arrokuda|Water\n|move|p1a: Scream Tail|Helping Hand|p1b: Chien-Pao\n|-singleturn|p1b: Chien-Pao|Helping Hand|[of] p1a: Scream Tail\n|move|p1b: Chien-Pao|Sucker Punch|p2a: Arrokuda\n|-damage|p2a: Arrokuda|0 fnt\n|faint|p2a: Arrokuda\n|move|p2b: Fletchling|Flare Blitz|p1b: Chien-Pao\n|-supereffective|p1b: Chien-Pao\n|-damage|p1b: Chien-Pao|17\/100\n|-damage|p2b: Fletchling|12\/100|[from] Recoil\n|\n|upkeep\n|\n|t:|1681988177\n|switch|p2a: Charcadet|Charcadet, L50, M|100\/100\n|turn|3\n|\n|t:|1681988197\n|switch|p1b: Tsareena|Tsareena, L50, F|100\/100\n|move|p2b: Fletchling|Flare Blitz|p1a: Scream Tail\n|-damage|p1a: Scream Tail|80\/100\n|-damage|p2b: Fletchling|0 fnt|[from] Recoil\n|faint|p2b: Fletchling\n|move|p1a: Scream Tail|Thunder Wave|p2a: Charcadet\n|-status|p2a: Charcadet|par\n|cant|p2a: Charcadet|par\n|\n|upkeep\n|turn|4\n|-message|Bananen Pa Banen forfeited.\n|\n|win|Snoot boi\n|raw|Snoot boi's rating: 1089 → 1112<\/strong> (+23 for winning)\n|raw|Bananen Pa Banen's rating: 1046 → 1031<\/strong> (-15 for losing)\n|l|\u2606Bananen Pa Banen\n","uploadtime":1681988214,"views":15,"p1id":"snootboi","p2id":"bananenpabanen","formatid":"gen9vgc2023regulationc","rating":1031,"private":0,"password":""}