{"id":"gen9vgc2023regulationc-1855685430","p1":"appokalypstik","p2":"ronaldrunt","format":"[Gen 9] VGC 2023 Regulation C","log":"|j|\u2606appokalypstik\n|j|\u2606ronaldrunt\n|t:|1682973105\n|gametype|doubles\n|player|p1|appokalypstik|roxie|1370\n|player|p2|ronaldrunt|cynthia-gen4|1347\n|teamsize|p1|6\n|teamsize|p2|6\n|gen|9\n|tier|[Gen 9] VGC 2023 Regulation C\n|rated|\n|rule|Species Clause: Limit one of each Pok\u00e9mon\n|rule|Item Clause: Limit one of each item\n|clearpoke\n|poke|p1|Wo-Chien, L50|\n|poke|p1|Glimmora, L50, F|\n|poke|p1|Murkrow, L50, M|\n|poke|p1|Rotom-Wash, L50|\n|poke|p1|Great Tusk, L50|\n|poke|p1|Chi-Yu, L50|\n|poke|p2|Iron Bundle, L50|\n|poke|p2|Arcanine, L50, F|\n|poke|p2|Dragonite, L50, M|\n|poke|p2|Ting-Lu, L50|\n|poke|p2|Flutter Mane, L50|\n|poke|p2|Tauros-Paldea-Aqua, L50, M|\n|teampreview|4\n|inactive|Battle timer is ON: inactive players will automatically lose when time's up. (requested by appokalypstik)\n|inactive|ronaldrunt has 60 seconds left.\n|\n|t:|1682973149\n|start\n|switch|p1a: Rotom-Goob|Rotom-Wash, L50|100\/100\n|switch|p1b: Great Goob|Great Tusk, L50|100\/100\n|switch|p2a: Tauros|Tauros-Paldea-Aqua, L50, M|100\/100\n|switch|p2b: Arcanine|Arcanine, L50, F|100\/100\n|-ability|p2b: Arcanine|Intimidate|boost\n|-unboost|p1a: Rotom-Goob|atk|1\n|-unboost|p1b: Great Goob|atk|1\n|-ability|p2a: Tauros|Intimidate|boost\n|-unboost|p1a: Rotom-Goob|atk|1\n|-unboost|p1b: Great Goob|atk|1\n|turn|1\n|\n|t:|1682973166\n|switch|p2a: Flutter Mane|Flutter Mane, L50|100\/100\n|move|p2b: Arcanine|Protect|p2b: Arcanine\n|-singleturn|p2b: Arcanine|Protect\n|move|p1b: Great Goob|Earthquake|p2b: Arcanine|[spread] p2a\n|-activate|p2b: Arcanine|move: Protect\n|-immune|p1a: Rotom-Goob|[from] ability: Levitate\n|-damage|p2a: Flutter Mane|50\/100\n|move|p1a: Rotom-Goob|Discharge|p2a: Flutter Mane|[spread] p2a\n|-activate|p2b: Arcanine|move: Protect\n|-immune|p1b: Great Goob\n|-damage|p2a: Flutter Mane|23\/100\n|-status|p2a: Flutter Mane|par\n|\n|upkeep\n|turn|2\n|inactive|ronaldrunt has 30 seconds left.\n|\n|t:|1682973199\n|move|p2a: Flutter Mane|Protect|p2a: Flutter Mane\n|-singleturn|p2a: Flutter Mane|Protect\n|move|p2b: Arcanine|Extreme Speed|p1b: Great Goob\n|-damage|p1b: Great Goob|85\/100\n|move|p1b: Great Goob|Earthquake|p2b: Arcanine|[spread] p2b\n|-activate|p2a: Flutter Mane|move: Protect\n|-immune|p1a: Rotom-Goob|[from] ability: Levitate\n|-supereffective|p2b: Arcanine\n|-damage|p2b: Arcanine|28\/100\n|move|p1a: Rotom-Goob|Discharge|p2b: Arcanine|[spread] p2b\n|-activate|p2a: Flutter Mane|move: Protect\n|-immune|p1b: Great Goob\n|-damage|p2b: Arcanine|0 fnt\n|faint|p2b: Arcanine\n|\n|upkeep\n|\n|t:|1682973215\n|switch|p2b: Iron Bundle|Iron Bundle, L50|100\/100\n|-enditem|p2b: Iron Bundle|Booster Energy\n|-activate|p2b: Iron Bundle|ability: Quark Drive|[fromitem]\n|-start|p2b: Iron Bundle|quarkdrivespe\n|turn|3\n|\n|t:|1682973223\n|move|p2b: Iron Bundle|Freeze-Dry|p1a: Rotom-Goob\n|-supereffective|p1a: Rotom-Goob\n|-damage|p1a: Rotom-Goob|20\/100\n|-enditem|p1a: Rotom-Goob|Sitrus Berry|[eat]\n|-heal|p1a: Rotom-Goob|45\/100|[from] item: Sitrus Berry\n|move|p1b: Great Goob|Earthquake|p2a: Flutter Mane|[spread] p2a,p2b\n|-immune|p1a: Rotom-Goob|[from] ability: Levitate\n|-damage|p2a: Flutter Mane|0 fnt\n|-damage|p2b: Iron Bundle|60\/100\n|faint|p2a: Flutter Mane\n|-end|p2a: Flutter Mane|Protosynthesis|[silent]\n|move|p1a: Rotom-Goob|Discharge|p2b: Iron Bundle|[spread] p2b\n|-immune|p1b: Great Goob\n|-supereffective|p2b: Iron Bundle\n|-damage|p2b: Iron Bundle|0 fnt\n|faint|p2b: Iron Bundle\n|-end|p2b: Iron Bundle|Quark Drive|[silent]\n|\n|upkeep\n|-message|ronaldrunt forfeited.\n|\n|win|appokalypstik\n|raw|appokalypstik's rating: 1370 → 1389<\/strong> (+19 for winning)\n|raw|ronaldrunt's rating: 1347 → 1328<\/strong> (-19 for losing)\n|l|\u2606ronaldrunt\n","uploadtime":1682973246,"views":13,"p1id":"appokalypstik","p2id":"ronaldrunt","formatid":"gen9vgc2023regulationc","rating":1328,"private":0,"password":""}