{"id":"gen9vgc2023regulationc-1854747300","p1":"cimu97","p2":"Vitalis24","format":"[Gen 9] VGC 2023 Regulation C","log":"|j|\u2606cimu97\n|j|\u2606Vitalis24\n|t:|1682860713\n|gametype|doubles\n|player|p1|cimu97|lucas|1240\n|player|p2|Vitalis24|ethan|1265\n|teamsize|p1|6\n|teamsize|p2|6\n|gen|9\n|tier|[Gen 9] VGC 2023 Regulation C\n|rated|\n|rule|Species Clause: Limit one of each Pok\u00e9mon\n|rule|Item Clause: Limit one of each item\n|clearpoke\n|poke|p1|Annihilape, L50, F|\n|poke|p1|Chi-Yu, L50|\n|poke|p1|Maushold, L50|\n|poke|p1|Amoonguss, L50, M|\n|poke|p1|Flutter Mane, L50|\n|poke|p1|Gyarados, L50, M|\n|poke|p2|Kingambit, L50, F|\n|poke|p2|Flutter Mane, L50|\n|poke|p2|Amoonguss, L50, M|\n|poke|p2|Great Tusk, L50|\n|poke|p2|Iron Bundle, L50|\n|poke|p2|Chi-Yu, L50|\n|teampreview|4\n|inactive|Battle timer is ON: inactive players will automatically lose when time's up. (requested by cimu97)\n|inactive|Vitalis24 has 60 seconds left.\n|\n|t:|1682860774\n|start\n|switch|p1a: Chi-Yu|Chi-Yu, L50|100\/100\n|switch|p1b: Flutter Mane|Flutter Mane, L50|100\/100\n|switch|p2a: Flutter Mane|Flutter Mane, L50|100\/100\n|switch|p2b: Iron Bundle|Iron Bundle, L50|100\/100\n|-ability|p1a: Chi-Yu|Beads of Ruin\n|-enditem|p2b: Iron Bundle|Booster Energy\n|-activate|p2b: Iron Bundle|ability: Quark Drive|[fromitem]\n|-start|p2b: Iron Bundle|quarkdrivespe\n|turn|1\n|inactive|cimu97 has 30 seconds left.\n|inactive|Vitalis24 has 30 seconds left.\n|\n|t:|1682860804\n|-terastallize|p1a: Chi-Yu|Flying\n|-terastallize|p2a: Flutter Mane|Fairy\n|move|p2b: Iron Bundle|Icy Wind|p1a: Chi-Yu|[spread] p1a,p1b\n|-supereffective|p1a: Chi-Yu\n|-damage|p1a: Chi-Yu|49\/100\n|-damage|p1b: Flutter Mane|73\/100\n|-unboost|p1a: Chi-Yu|spe|1\n|-unboost|p1b: Flutter Mane|spe|1\n|move|p2a: Flutter Mane|Dazzling Gleam|p1b: Flutter Mane|[spread] p1a,p1b\n|-damage|p1a: Chi-Yu|0 fnt\n|-damage|p1b: Flutter Mane|0 fnt\n|faint|p1a: Chi-Yu\n|faint|p1b: Flutter Mane\n|-end|p1b: Flutter Mane|Protosynthesis|[silent]\n|\n|upkeep\n|\n|t:|1682860819\n|switch|p1b: Amoonguss|Amoonguss, L50, M|100\/100\n|switch|p1a: Gyarados|Gyarados, L50, M, shiny|100\/100\n|-ability|p1a: Gyarados|Intimidate|boost\n|-unboost|p2a: Flutter Mane|atk|1\n|-unboost|p2b: Iron Bundle|atk|1\n|turn|2\n|-message|cimu97 forfeited.\n|\n|win|Vitalis24\n|raw|cimu97's rating: 1240 → 1217<\/strong> (-23 for losing)\n|raw|Vitalis24's rating: 1265 → 1288<\/strong> (+23 for winning)\n|l|\u2606cimu97\n","uploadtime":1682860829,"views":16,"p1id":"cimu97","p2id":"vitalis24","formatid":"gen9vgc2023regulationc","rating":1217,"private":0,"password":""}