{"id":"gen9vgc2023regulationc-1856390997","p1":"Spearstorms","p2":"Przzy","format":"[Gen 9] VGC 2023 Regulation C","log":"|j|\u2606Spearstorms\n|j|\u2606Przzy\n|t:|1683056938\n|gametype|doubles\n|player|p1|Spearstorms|evelyn|\n|player|p2|Przzy|170|\n|teamsize|p1|6\n|teamsize|p2|6\n|gen|9\n|tier|[Gen 9] VGC 2023 Regulation C\n|rule|Species Clause: Limit one of each Pok\u00e9mon\n|rule|Item Clause: Limit one of each item\n|clearpoke\n|poke|p1|Flutter Mane, L50|\n|poke|p1|Iron Bundle, L50|\n|poke|p1|Iron Hands, L50|\n|poke|p1|Wo-Chien, L50|\n|poke|p1|Maushold-Four, L50|\n|poke|p1|Chi-Yu, L50|\n|poke|p2|Garganacl, L50, M|\n|poke|p2|Wigglytuff, L50, M|\n|poke|p2|Torkoal, L50, F|\n|poke|p2|Lurantis, L50, M|\n|poke|p2|Eiscue, L50, F|\n|poke|p2|Toedscruel, L50, M|\n|teampreview|4\nSpearstorms has agreed to open team sheets.\nPrzzy has agreed to open team sheets.\n|c|\u2606Przzy|my labor union is here\n|c|\u2606Spearstorms|oh god\n|c|\u2606Przzy|we want fair wages and 10 vacation days\n|c|\u2606Spearstorms|not the osha violator\n|\n|t:|1683057060\n|start\n|switch|p1a: Iron Bundle|Iron Bundle, L50|100\/100\n|switch|p1b: Flutter Mane|Flutter Mane, L50|100\/100\n|switch|p2a: Osha Violator|Toedscruel, L50, M|100\/100\n|switch|p2b: Ice|Eiscue, L50, F|100\/100\n|-enditem|p1a: Iron Bundle|Booster Energy\n|-activate|p1a: Iron Bundle|ability: Quark Drive|[fromitem]\n|-start|p1a: Iron Bundle|quarkdrivespe\n|turn|1\n|\n|t:|1683057106\n|switch|p2a: Deep Fryer|Torkoal, L50, F|100\/100\n|-weather|SunnyDay|[from] ability: Drought|[of] p2a: Deep Fryer\n|-activate|p1b: Flutter Mane|ability: Protosynthesis\n|-start|p1b: Flutter Mane|protosynthesisspa\n|-terastallize|p1b: Flutter Mane|Fairy\n|move|p1a: Iron Bundle|Freeze-Dry|p2a: Deep Fryer\n|-resisted|p2a: Deep Fryer\n|-damage|p2a: Deep Fryer|75\/100\n|move|p1b: Flutter Mane|Dazzling Gleam|p2b: Ice|[spread] p2a,p2b\n|-resisted|p2a: Deep Fryer\n|-damage|p2a: Deep Fryer|15\/100\n|-enditem|p2b: Ice|Focus Sash\n|-damage|p2b: Ice|1\/100\n|move|p2b: Ice|Icicle Crash|p1b: Flutter Mane\n|-damage|p1b: Flutter Mane|33\/100\n|\n|-weather|SunnyDay|[upkeep]\n|upkeep\n|turn|2\n|c|\u2606Przzy|wow this thing sucks\n|c|\u2606Spearstorms|LOL\n|c|\u2606Spearstorms|it kinda does XD\n|j| Priest_of_Talos\n|c| Priest_of_Talos|let him cook\n|-activate|p2a: Deep Fryer|item: Quick Claw\n|\n|t:|1683057154\n|move|p2a: Deep Fryer|Protect|p2a: Deep Fryer\n|-singleturn|p2a: Deep Fryer|Protect\n|move|p1a: Iron Bundle|Freeze-Dry|p2a: Deep Fryer\n|-activate|p2a: Deep Fryer|move: Protect\n|move|p1b: Flutter Mane|Dazzling Gleam|p2a: Deep Fryer|[spread] p2b\n|-activate|p2a: Deep Fryer|move: Protect\n|-damage|p2b: Ice|0 fnt\n|faint|p2b: Ice\n|\n|-weather|SunnyDay|[upkeep]\n|upkeep\n|c|\u2606Spearstorms|what if u proc quick claw though\n|c|\u2606Spearstorms|see\n|\n|t:|1683057167\n|switch|p2b: MinWage Employee|Lurantis, L50, M|100\/100\n|turn|3\n|c| Priest_of_Talos|quick claw protect is the heat\n|-activate|p2a: Deep Fryer|item: Quick Claw\n|\n|t:|1683057187\n|move|p2a: Deep Fryer|Earth Power|p1b: Flutter Mane\n|-damage|p1b: Flutter Mane|13\/100\n|move|p1a: Iron Bundle|Freeze-Dry|p2b: MinWage Employee\n|-supereffective|p2b: MinWage Employee\n|-damage|p2b: MinWage Employee|18\/100\n|move|p1b: Flutter Mane|Dazzling Gleam|p2b: MinWage Employee|[spread] p2a,p2b\n|-resisted|p2a: Deep Fryer\n|-damage|p2a: Deep Fryer|0 fnt\n|-damage|p2b: MinWage Employee|0 fnt\n|faint|p2a: Deep Fryer\n|faint|p2b: MinWage Employee\n|\n|-weather|SunnyDay|[upkeep]\n|upkeep\n|\n|t:|1683057196\n|switch|p2b: Osha Violator|Toedscruel, L50, M|100\/100\n|turn|4\n|\n|t:|1683057204\n|move|p1a: Iron Bundle|Freeze-Dry|p2b: Osha Violator\n|-supereffective|p2b: Osha Violator\n|-damage|p2b: Osha Violator|17\/100\n|move|p1b: Flutter Mane|Dazzling Gleam|p2b: Osha Violator\n|-damage|p2b: Osha Violator|0 fnt\n|faint|p2b: Osha Violator\n|\n|win|Spearstorms\n","uploadtime":1683057212,"views":10,"p1id":"spearstorms","p2id":"przzy","formatid":"gen9vgc2023regulationc","rating":0,"private":0,"password":""}