{"id":"gen9vgc2023regulationc-1849708248","p1":"Coppercaillie","p2":"DayMoth","format":"[Gen 9] VGC 2023 Regulation C","log":"|j|\u2606Coppercaillie\n|j|\u2606DayMoth\n|t:|1682236671\n|gametype|doubles\n|player|p1|Coppercaillie|skierf|1209\n|player|p2|DayMoth|waitress-gen4|1181\n|teamsize|p1|6\n|teamsize|p2|6\n|gen|9\n|tier|[Gen 9] VGC 2023 Regulation C\n|rated|\n|rule|Species Clause: Limit one of each Pok\u00e9mon\n|rule|Item Clause: Limit one of each item\n|clearpoke\n|poke|p1|Torkoal, L50, F|\n|poke|p1|Roaring Moon, L50|\n|poke|p1|Ceruledge, L50, F|\n|poke|p1|Iron Valiant, L50|\n|poke|p1|Iron Bundle, L50|\n|poke|p1|Tsareena, L50, F|\n|poke|p2|Revavroom, L50, F|\n|poke|p2|Rotom-Mow, L50|\n|poke|p2|Iron Treads, L50|\n|poke|p2|Cyclizar, L50, F|\n|poke|p2|Coalossal, L50, M|\n|poke|p2|Tyranitar, L50, M|\n|teampreview|4\n|\n|t:|1682236714\n|start\n|switch|p1a: Torkoal|Torkoal, L50, F|100\/100\n|switch|p1b: Roaring Moon|Roaring Moon, L50|100\/100\n|switch|p2a: Cyclizar|Cyclizar, L50, F|100\/100\n|switch|p2b: Iron Treads|Iron Treads, L50|100\/100\n|-weather|SunnyDay|[from] ability: Drought|[of] p1a: Torkoal\n|-activate|p1b: Roaring Moon|ability: Protosynthesis\n|-start|p1b: Roaring Moon|protosynthesisatk\n|-enditem|p2b: Iron Treads|Booster Energy\n|-activate|p2b: Iron Treads|ability: Quark Drive|[fromitem]\n|-start|p2b: Iron Treads|quarkdrivespe\n|turn|1\n|\n|t:|1682236750\n|move|p2b: Iron Treads|Protect|p2b: Iron Treads\n|-singleturn|p2b: Iron Treads|Protect\n|move|p2a: Cyclizar|Shed Tail|p2a: Cyclizar\n|-start|p2a: Cyclizar|Substitute|[from] move: Shed Tail\n|-damage|p2a: Cyclizar|50\/100\n|-enditem|p2a: Cyclizar|Sitrus Berry|[eat]\n|-heal|p2a: Cyclizar|75\/100|[from] item: Sitrus Berry\n|\n|t:|1682236759\n|switch|p2a: Tyranitar|Tyranitar, L50, M|100\/100|[from] Shed Tail\n|-weather|Sandstorm|[from] ability: Sand Stream|[of] p2a: Tyranitar\n|-end|p1b: Roaring Moon|Protosynthesis\n|move|p1b: Roaring Moon|Throat Chop|p2b: Iron Treads\n|-activate|p2b: Iron Treads|move: Protect\n|move|p1a: Torkoal|Eruption|p2a: Tyranitar|[spread] p2a\n|-activate|p2b: Iron Treads|move: Protect\n|-resisted|p2a: Tyranitar\n|-activate|p2a: Tyranitar|move: Substitute|[damage]\n|\n|-weather|Sandstorm|[upkeep]\n|-damage|p1b: Roaring Moon|94\/100|[from] Sandstorm\n|-damage|p1a: Torkoal|94\/100|[from] Sandstorm\n|upkeep\n|turn|2\n|\n|t:|1682236784\n|-terastallize|p2a: Tyranitar|Flying\n|move|p2b: Iron Treads|Earthquake|p1a: Torkoal|[spread] p1a,p1b\n|-immune|p2a: Tyranitar\n|-supereffective|p1a: Torkoal\n|-damage|p1a: Torkoal|42\/100\n|-damage|p1b: Roaring Moon|48\/100\n|move|p1b: Roaring Moon|Throat Chop|p2a: Tyranitar\n|-end|p2a: Tyranitar|Substitute\n|move|p2a: Tyranitar|Rock Slide|p1b: Roaring Moon|[spread] p1a,p1b\n|-supereffective|p1a: Torkoal\n|-damage|p1a: Torkoal|0 fnt\n|-damage|p1b: Roaring Moon|9\/100\n|faint|p1a: Torkoal\n|\n|-weather|Sandstorm|[upkeep]\n|-damage|p1b: Roaring Moon|3\/100|[from] Sandstorm\n|-damage|p2a: Tyranitar|95\/100|[from] Sandstorm\n|upkeep\n|\n|t:|1682236800\n|switch|p1a: Iron Bundle|Iron Bundle, L50|100\/100\n|-enditem|p1a: Iron Bundle|Booster Energy\n|-activate|p1a: Iron Bundle|ability: Quark Drive|[fromitem]\n|-start|p1a: Iron Bundle|quarkdrivespe\n|turn|3\n|\n|t:|1682236833\n|move|p1a: Iron Bundle|Protect|p1a: Iron Bundle\n|-singleturn|p1a: Iron Bundle|Protect\n|move|p2b: Iron Treads|Earthquake|p1b: Roaring Moon|[spread] p1b\n|-activate|p1a: Iron Bundle|move: Protect\n|-immune|p2a: Tyranitar\n|-damage|p1b: Roaring Moon|0 fnt\n|faint|p1b: Roaring Moon\n|-end|p1b: Roaring Moon|Protosynthesis|[silent]\n|move|p2a: Tyranitar|Rock Slide|p1a: Iron Bundle\n|-activate|p1a: Iron Bundle|move: Protect\n|\n|-weather|Sandstorm|[upkeep]\n|-damage|p1a: Iron Bundle|94\/100|[from] Sandstorm\n|-damage|p2a: Tyranitar|89\/100|[from] Sandstorm\n|upkeep\n|\n|t:|1682236845\n|switch|p1b: Ceruledge|Ceruledge, L50, F|100\/100\n|turn|4\n|\n|t:|1682236864\n|move|p1a: Iron Bundle|Ice Beam|p2a: Tyranitar\n|-supereffective|p2a: Tyranitar\n|-damage|p2a: Tyranitar|37\/100\n|move|p2b: Iron Treads|Earthquake|p1a: Iron Bundle|[spread] p1a,p1b\n|-immune|p2a: Tyranitar\n|-supereffective|p1b: Ceruledge\n|-damage|p1a: Iron Bundle|52\/100\n|-damage|p1b: Ceruledge|7\/100\n|move|p1b: Ceruledge|Close Combat|p2b: Iron Treads\n|-supereffective|p2b: Iron Treads\n|-damage|p2b: Iron Treads|8\/100\n|-unboost|p1b: Ceruledge|def|1\n|-unboost|p1b: Ceruledge|spd|1\n|-damage|p1b: Ceruledge|0 fnt|[from] item: Life Orb\n|faint|p1b: Ceruledge\n|move|p2a: Tyranitar|Thunder Punch|p1a: Iron Bundle\n|-supereffective|p1a: Iron Bundle\n|-damage|p1a: Iron Bundle|0 fnt\n|faint|p1a: Iron Bundle\n|-end|p1a: Iron Bundle|Quark Drive|[silent]\n|\n|win|DayMoth\n|raw|Coppercaillie's rating: 1209 → 1182<\/strong> (-27 for losing)\n|raw|DayMoth's rating: 1181 → 1208<\/strong> (+27 for winning)\n|l|\u2606Coppercaillie\n","uploadtime":1682236883,"views":12,"p1id":"coppercaillie","p2id":"daymoth","formatid":"gen9vgc2023regulationc","rating":1182,"private":0,"password":""}