{"id":"gen9vgc2023regulationc-1862224711","p1":"Skibley","p2":"SM0KESgirl","format":"[Gen 9] VGC 2023 Regulation C","log":"|j|\u2606Skibley\n|j|\u2606SM0KESgirl\n|t:|1683851727\n|gametype|doubles\n|player|p1|Skibley|101|1151\n|player|p2|SM0KESgirl|skyla|1226\n|teamsize|p1|6\n|teamsize|p2|6\n|gen|9\n|tier|[Gen 9] VGC 2023 Regulation C\n|rated|\n|rule|Species Clause: Limit one of each Pok\u00e9mon\n|rule|Item Clause: Limit one of each item\n|clearpoke\n|poke|p1|Dragapult, L50, M|\n|poke|p1|Chien-Pao, L50|\n|poke|p1|Amoonguss, L50, M|\n|poke|p1|Arcanine, L50, F|\n|poke|p1|Palafin, L50, M|\n|poke|p1|Flutter Mane, L50|\n|poke|p2|Gholdengo, L50|\n|poke|p2|Murkrow, L50, M|\n|poke|p2|Baxcalibur, L50, M|\n|poke|p2|Annihilape, L50, F|\n|poke|p2|Flutter Mane, L50|\n|poke|p2|Amoonguss, L50, F|\n|teampreview|4\n|inactive|Battle timer is ON: inactive players will automatically lose when time's up. (requested by Skibley)\n|\n|t:|1683851751\n|start\n|switch|p1a: Chien-Pao|Chien-Pao, L50|100\/100\n|switch|p1b: Amoonguss|Amoonguss, L50, M|100\/100\n|switch|p2a: Murkrow|Murkrow, L50, M|100\/100\n|switch|p2b: Gholdengo|Gholdengo, L50|100\/100\n|-ability|p1a: Chien-Pao|Sword of Ruin\n|turn|1\n|inactive|Skibley has 30 seconds left.\n|\n|t:|1683851779\n|move|p1a: Chien-Pao|Sucker Punch|p2b: Gholdengo\n|-supereffective|p2b: Gholdengo\n|-damage|p2b: Gholdengo|4\/100\n|move|p2a: Murkrow|Tailwind|p2a: Murkrow\n|-sidestart|p2: SM0KESgirl|move: Tailwind\n|move|p2b: Gholdengo|Make It Rain|p1b: Amoonguss|[spread] p1a,p1b\n|-supereffective|p1a: Chien-Pao\n|-enditem|p1a: Chien-Pao|Focus Sash\n|-damage|p1a: Chien-Pao|1\/100\n|-damage|p1b: Amoonguss|35\/100\n|-unboost|p2b: Gholdengo|spa|1\n|-enditem|p1b: Amoonguss|Sitrus Berry|[eat]\n|-heal|p1b: Amoonguss|60\/100|[from] item: Sitrus Berry\n|move|p1b: Amoonguss|Spore|p2a: Murkrow\n|-status|p2a: Murkrow|slp|[from] move: Spore\n|\n|upkeep\n|turn|2\n|inactive|SM0KESgirl has 30 seconds left.\n|\n|t:|1683851814\n|switch|p1b: Flutter Mane|Flutter Mane, L50|100\/100\n|-enditem|p1b: Flutter Mane|Booster Energy\n|-activate|p1b: Flutter Mane|ability: Protosynthesis|[fromitem]\n|-start|p1b: Flutter Mane|protosynthesisspa\n|cant|p2a: Murkrow|slp\n|move|p2b: Gholdengo|Make It Rain|p1a: Chien-Pao|[spread] p1a,p1b\n|-supereffective|p1a: Chien-Pao\n|-supereffective|p1b: Flutter Mane\n|-damage|p1a: Chien-Pao|0 fnt\n|-damage|p1b: Flutter Mane|8\/100\n|-unboost|p2b: Gholdengo|spa|1\n|faint|p1a: Chien-Pao\n|\n|upkeep\n|\n|t:|1683851829\n|switch|p1a: Amoonguss|Amoonguss, L50, M|93\/100\n|turn|3\n|\n|t:|1683851845\n|move|p1a: Amoonguss|Protect|p1a: Amoonguss\n|-singleturn|p1a: Amoonguss|Protect\n|cant|p2a: Murkrow|slp\n|move|p2b: Gholdengo|Make It Rain|p1a: Amoonguss|[spread] p1b\n|-activate|p1a: Amoonguss|move: Protect\n|-supereffective|p1b: Flutter Mane\n|-damage|p1b: Flutter Mane|0 fnt\n|-unboost|p2b: Gholdengo|spa|1\n|faint|p1b: Flutter Mane\n|-end|p1b: Flutter Mane|Protosynthesis|[silent]\n|\n|upkeep\n|-message|Skibley forfeited.\n|\n|win|SM0KESgirl\n|raw|Skibley's rating: 1151 → 1131<\/strong> (-20 for losing)\n|raw|SM0KESgirl's rating: 1226 → 1246<\/strong> (+20 for winning)\n|l|\u2606Skibley\n","uploadtime":1683851866,"views":10,"p1id":"skibley","p2id":"sm0kesgirl","formatid":"gen9vgc2023regulationc","rating":1131,"private":0,"password":""}