{"id":"gen9vgc2023regulationc-1854606816","p1":"JackMcflurry7896","p2":"anxingTV","format":"[Gen 9] VGC 2023 Regulation C","log":"|j|\u2606JackMcflurry7896\n|j|\u2606anxingTV\n|t:|1682834841\n|gametype|doubles\n|player|p1|JackMcflurry7896|fisherman-gen4|1127\n|player|p2|anxingTV|hooligans|1151\n|teamsize|p1|6\n|teamsize|p2|6\n|gen|9\n|tier|[Gen 9] VGC 2023 Regulation C\n|rated|\n|rule|Species Clause: Limit one of each Pok\u00e9mon\n|rule|Item Clause: Limit one of each item\n|clearpoke\n|poke|p1|Meowscarada, L50, F|\n|poke|p1|Garchomp, L50, F|\n|poke|p1|Murkrow, L50, F|\n|poke|p1|Chi-Yu, L50|\n|poke|p1|Iron Bundle, L50|\n|poke|p1|Indeedee-F, L50, F|\n|poke|p2|Coalossal, L50, M|\n|poke|p2|Dondozo, L50, F|\n|poke|p2|Tatsugiri, L50, F|\n|poke|p2|Iron Bundle, L50|\n|poke|p2|Gholdengo, L50|\n|poke|p2|Indeedee, L50, M|\n|teampreview|4\n|inactive|Battle timer is ON: inactive players will automatically lose when time's up. (requested by JackMcflurry7896)\n|\n|t:|1682834880\n|start\n|switch|p1a: Meowscarada|Meowscarada, L50, F|100\/100\n|switch|p1b: Murkrow|Murkrow, L50, F, shiny|100\/100\n|switch|p2a: Iron Bundle|Iron Bundle, L50|100\/100\n|switch|p2b: Coalossal|Coalossal, L50, M|100\/100\n|-enditem|p2a: Iron Bundle|Booster Energy\n|-activate|p2a: Iron Bundle|ability: Quark Drive|[fromitem]\n|-start|p2a: Iron Bundle|quarkdrivespe\n|turn|1\n|inactive|JackMcflurry7896 has 30 seconds left.\n|inactive|JackMcflurry7896 has 20 seconds left.\n|inactive|JackMcflurry7896 has 15 seconds left.\n|\n|t:|1682834923\n|move|p1b: Murkrow|Tailwind|p1b: Murkrow\n|-sidestart|p1: JackMcflurry7896|move: Tailwind\n|move|p1a: Meowscarada|Flower Trick|p2a: Iron Bundle\n|-start|p1a: Meowscarada|typechange|Grass|[from] ability: Protean\n|-supereffective|p2a: Iron Bundle\n|-crit|p2a: Iron Bundle\n|-damage|p2a: Iron Bundle|0 fnt\n|faint|p2a: Iron Bundle\n|-end|p2a: Iron Bundle|Quark Drive|[silent]\n|move|p2b: Coalossal|Rock Slide|p1a: Meowscarada|[spread] p1a,p1b\n|-supereffective|p1b: Murkrow\n|-damage|p1a: Meowscarada|66\/100\n|-damage|p1b: Murkrow|41\/100\n|\n|upkeep\n|\n|t:|1682834934\n|switch|p2a: Indeedee|Indeedee, L50, M|100\/100\n|-fieldstart|move: Psychic Terrain|[from] ability: Psychic Surge|[of] p2a: Indeedee\n|-enditem|p2a: Indeedee|Psychic Seed\n|-boost|p2a: Indeedee|spd|1|[from] item: Psychic Seed\n|turn|2\n|\n|t:|1682834942\n|move|p1a: Meowscarada|Flower Trick|p2a: Indeedee\n|-crit|p2a: Indeedee\n|-damage|p2a: Indeedee|0 fnt\n|faint|p2a: Indeedee\n|move|p1b: Murkrow|Foul Play|p2b: Coalossal\n|-damage|p2b: Coalossal|68\/100\n|move|p2b: Coalossal|Rock Slide|p1a: Meowscarada|[spread] p1a,p1b\n|-supereffective|p1b: Murkrow\n|-damage|p1a: Meowscarada|26\/100\n|-damage|p1b: Murkrow|0 fnt\n|faint|p1b: Murkrow\n|\n|upkeep\n|\n|t:|1682834949\n|switch|p1b: Garchomp|Garchomp, L50, F|100\/100\n|switch|p2a: Dondozo|Dondozo, L50, F|100\/100\n|turn|3\n|\n|t:|1682834959\n|-terastallize|p1b: Garchomp|Ground\n|move|p1a: Meowscarada|Flower Trick|p2a: Dondozo\n|-supereffective|p2a: Dondozo\n|-crit|p2a: Dondozo\n|-damage|p2a: Dondozo|0 fnt\n|faint|p2a: Dondozo\n|move|p1b: Garchomp|Earthquake|p2b: Coalossal|[spread] p1a,p2b\n|-resisted|p1a: Meowscarada\n|-supereffective|p2b: Coalossal\n|-damage|p1a: Meowscarada|0 fnt\n|-damage|p2b: Coalossal|0 fnt\n|faint|p1a: Meowscarada\n|faint|p2b: Coalossal\n|\n|win|JackMcflurry7896\n|raw|JackMcflurry7896's rating: 1127 → 1154<\/strong> (+27 for winning)\n|raw|anxingTV's rating: 1151 → 1124<\/strong> (-27 for losing)\n|l|\u2606anxingTV\n","uploadtime":1682834965,"views":14,"p1id":"jackmcflurry7896","p2id":"anxingtv","formatid":"gen9vgc2023regulationc","rating":1124,"private":0,"password":""}