{"id":"gen9vgc2023regulationc-1858622082","p1":"Duecal1on","p2":"Syczzz","format":"[Gen 9] VGC 2023 Regulation C","log":"|j|\u2606Duecal1on\n|j|\u2606Syczzz\n|t:|1683333517\n|gametype|doubles\n|player|p1|Duecal1on|volkner|1372\n|player|p2|Syczzz|iono|1268\n|teamsize|p1|6\n|teamsize|p2|6\n|gen|9\n|tier|[Gen 9] VGC 2023 Regulation C\n|rated|\n|rule|Species Clause: Limit one of each Pok\u00e9mon\n|rule|Item Clause: Limit one of each item\n|clearpoke\n|poke|p1|Dondozo, L50, M|\n|poke|p1|Tatsugiri-Stretchy, L50, M|\n|poke|p1|Pelipper, L50, F|\n|poke|p1|Drednaw, L50, M|\n|poke|p1|Chien-Pao, L50|\n|poke|p1|Dragonite, L50, M|\n|poke|p2|Amoonguss, L50, M|\n|poke|p2|Baxcalibur, L50, M|\n|poke|p2|Ting-Lu, L50|\n|poke|p2|Arcanine, L50, M|\n|poke|p2|Palafin, L50, M|\n|poke|p2|Flutter Mane, L50|\n|teampreview|4\n|inactive|Battle timer is ON: inactive players will automatically lose when time's up. (requested by Duecal1on)\n|inactive|Syczzz has 60 seconds left.\n|\n|t:|1683333570\n|start\n|switch|p1a: Dondozo|Dondozo, L50, M, shiny|100\/100\n|switch|p1b: Pelipper|Pelipper, L50, F, shiny|100\/100\n|switch|p2a: Palafin|Palafin, L50, M, shiny|100\/100\n|switch|p2b: Arcanine|Arcanine, L50, M, shiny|100\/100\n|-ability|p2b: Arcanine|Intimidate|boost\n|-unboost|p1a: Dondozo|atk|1\n|-unboost|p1b: Pelipper|atk|1\n|-weather|RainDance|[from] ability: Drizzle|[of] p1b: Pelipper\n|turn|1\n|\n|t:|1683333587\n|detailschange|p2a: Palafin|Palafin-Hero, L50, M, shiny\n|switch|p2a: Amoonguss|Amoonguss, L50, M, shiny|100\/100\n|switch|p1b: Tatsugiri|Tatsugiri-Stretchy, L50, M, shiny|100\/100\n|-activate|p1b: Tatsugiri|ability: Commander|[of] p1a: Dondozo\n|-boost|p1a: Dondozo|atk|2\n|-boost|p1a: Dondozo|spa|2\n|-boost|p1a: Dondozo|spe|2\n|-boost|p1a: Dondozo|def|2\n|-boost|p1a: Dondozo|spd|2\n|-terastallize|p1a: Dondozo|Water\n|move|p2b: Arcanine|Protect|p2b: Arcanine\n|-singleturn|p2b: Arcanine|Protect\n|move|p1a: Dondozo|Surf|p2a: Amoonguss|[spread] p2a\n|-miss|p1a: Dondozo|p1b: Tatsugiri\n|-activate|p2b: Arcanine|move: Protect\n|-resisted|p2a: Amoonguss\n|-damage|p2a: Amoonguss|48\/100\n|-damage|p1a: Dondozo|91\/100|[from] item: Life Orb\n|\n|-weather|RainDance|[upkeep]\n|upkeep\n|turn|2\n|inactive|Syczzz has 30 seconds left.\n|\n|t:|1683333618\n|switch|p2b: Palafin|Palafin-Hero, L50, M, shiny|100\/100\n|-activate|p2b: Palafin|ability: Zero to Hero\n|-terastallize|p2a: Amoonguss|Water\n|move|p1a: Dondozo|Surf|p2a: Amoonguss|[spread] p2a,p2b\n|-miss|p1a: Dondozo|p1b: Tatsugiri\n|-resisted|p2a: Amoonguss\n|-resisted|p2b: Palafin\n|-damage|p2a: Amoonguss|0 fnt\n|-damage|p2b: Palafin|41\/100\n|faint|p2a: Amoonguss\n|-damage|p1a: Dondozo|81\/100|[from] item: Life Orb\n|\n|-weather|RainDance|[upkeep]\n|upkeep\n|\n|t:|1683333633\n|switch|p2a: Arcanine|Arcanine, L50, M, shiny|100\/100\n|-ability|p2a: Arcanine|Intimidate|boost\n|-unboost|p1a: Dondozo|atk|1\n|-unboost|p1b: Tatsugiri|atk|1\n|turn|3\n|\n|t:|1683333648\n|move|p2a: Arcanine|Protect|p2a: Arcanine\n|-singleturn|p2a: Arcanine|Protect\n|move|p1a: Dondozo|Surf|p2a: Arcanine|[spread] p2b\n|-miss|p1a: Dondozo|p1b: Tatsugiri\n|-activate|p2a: Arcanine|move: Protect\n|-resisted|p2b: Palafin\n|-damage|p2b: Palafin|0 fnt\n|faint|p2b: Palafin\n|-damage|p1a: Dondozo|71\/100|[from] item: Life Orb\n|\n|-weather|RainDance|[upkeep]\n|upkeep\n|-message|Syczzz forfeited.\n|\n|win|Duecal1on\n|raw|Duecal1on's rating: 1372 → 1386<\/strong> (+14 for winning)\n|raw|Syczzz's rating: 1268 → 1250<\/strong> (-18 for losing)\n|l|\u2606Syczzz\n","uploadtime":1683333662,"views":13,"p1id":"duecal1on","p2id":"syczzz","formatid":"gen9vgc2023regulationc","rating":1250,"private":0,"password":""}