{"id":"gen9vgc2023regulationc-1863820627","p1":"mayburnvgc","p2":"Hactorgv_128","format":"[Gen 9] VGC 2023 Regulation C","log":"|j|\u2606mayburnvgc\n|j|\u2606Hactorgv_128\n|t:|1684081753\n|gametype|doubles\n|player|p1|mayburnvgc|170|1118\n|player|p2|Hactorgv_128|266|1048\n|teamsize|p1|6\n|teamsize|p2|6\n|gen|9\n|tier|[Gen 9] VGC 2023 Regulation C\n|rated|\n|rule|Species Clause: Limit one of each Pok\u00e9mon\n|rule|Item Clause: Limit one of each item\n|clearpoke\n|poke|p1|Lycanroc, L50, M|\n|poke|p1|Corviknight, L50, F|\n|poke|p1|Iron Bundle, L50|\n|poke|p1|Tyranitar, L50, M|\n|poke|p1|Garchomp, L50, M|\n|poke|p1|Flutter Mane, L50|\n|poke|p2|Weavile, L50, M|\n|poke|p2|Dudunsparce-*, L50, F|\n|poke|p2|Iron Hands, L50|\n|poke|p2|Gastrodon, L50, M|\n|poke|p2|Gengar, L50, F|\n|poke|p2|Mudsdale, L50, M|\n|teampreview|4\nHactorgv_128 has agreed to open team sheets.\n|\n|t:|1684081789\n|start\n|switch|p1a: Tyranitar|Tyranitar, L50, M|100\/100\n|switch|p1b: Garchomp|Garchomp, L50, M|100\/100\n|switch|p2a: Weavile|Weavile, L50, M|100\/100\n|switch|p2b: Dudunsparce|Dudunsparce-Three-Segment, L50, F|100\/100\n|-ability|p2a: Weavile|Pressure\n|-weather|Sandstorm|[from] ability: Sand Stream|[of] p1a: Tyranitar\n|turn|1\n|\n|t:|1684081819\n|-terastallize|p2b: Dudunsparce|Ghost\n|move|p1b: Garchomp|Protect|p1b: Garchomp\n|-singleturn|p1b: Garchomp|Protect\n|move|p2a: Weavile|Beat Up|p2b: Dudunsparce\n|-supereffective|p2b: Dudunsparce\n|-damage|p2b: Dudunsparce|90\/100\n|-ability|p2b: Dudunsparce|Rattled|boost\n|-boost|p2b: Dudunsparce|spe|1\n|-enditem|p2b: Dudunsparce|Weakness Policy\n|-boost|p2b: Dudunsparce|atk|2|[from] item: Weakness Policy\n|-boost|p2b: Dudunsparce|spa|2|[from] item: Weakness Policy\n|-supereffective|p2b: Dudunsparce\n|-damage|p2b: Dudunsparce|80\/100\n|-ability|p2b: Dudunsparce|Rattled|boost\n|-boost|p2b: Dudunsparce|spe|1\n|-supereffective|p2b: Dudunsparce\n|-damage|p2b: Dudunsparce|69\/100\n|-ability|p2b: Dudunsparce|Rattled|boost\n|-boost|p2b: Dudunsparce|spe|1\n|-supereffective|p2b: Dudunsparce\n|-damage|p2b: Dudunsparce|62\/100\n|-ability|p2b: Dudunsparce|Rattled|boost\n|-boost|p2b: Dudunsparce|spe|1\n|-hitcount|p2b: Dudunsparce|4\n|move|p2b: Dudunsparce|Drill Run|p1a: Tyranitar\n|-supereffective|p1a: Tyranitar\n|-damage|p1a: Tyranitar|39\/100\n|move|p1a: Tyranitar|Rock Slide|p2a: Weavile|[spread] p2a,p2b\n|-supereffective|p2a: Weavile\n|-enditem|p2a: Weavile|Focus Sash\n|-damage|p2a: Weavile|1\/100\n|-damage|p2b: Dudunsparce|40\/100\n|\n|-weather|Sandstorm|[upkeep]\n|-damage|p2b: Dudunsparce|34\/100|[from] Sandstorm\n|-damage|p2a: Weavile|0 fnt|[from] Sandstorm\n|faint|p2a: Weavile\n|upkeep\n|\n|t:|1684081845\n|switch|p2a: Gastrodon|Gastrodon, L50, M|100\/100\n|turn|2\n|\n|t:|1684081859\n|-terastallize|p1a: Tyranitar|Grass\n|move|p2b: Dudunsparce|Protect|p2b: Dudunsparce\n|-singleturn|p2b: Dudunsparce|Protect\n|move|p1b: Garchomp|Dragon Claw|p2b: Dudunsparce\n|-activate|p2b: Dudunsparce|move: Protect\n|move|p1a: Tyranitar|Tera Blast|p2a: Gastrodon\n|-supereffective|p2a: Gastrodon\n|-damage|p2a: Gastrodon|0 fnt\n|faint|p2a: Gastrodon\n|\n|-weather|Sandstorm|[upkeep]\n|-damage|p2b: Dudunsparce|28\/100|[from] Sandstorm\n|-damage|p1a: Tyranitar|33\/100|[from] Sandstorm\n|upkeep\n|\n|t:|1684081871\n|switch|p2a: Iron Hands|Iron Hands, L50|100\/100\n|turn|3\n|\n|t:|1684081884\n|move|p2a: Iron Hands|Fake Out|p1a: Tyranitar\n|-damage|p1a: Tyranitar|20\/100\n|move|p2b: Dudunsparce|Hyper Drill|p1b: Garchomp|[miss]\n|-miss|p2b: Dudunsparce|p1b: Garchomp\n|move|p1b: Garchomp|Earthquake|p2b: Dudunsparce|[spread] p1a,p2a,p2b\n|-resisted|p1a: Tyranitar\n|-supereffective|p2a: Iron Hands\n|-damage|p1a: Tyranitar|6\/100\n|-damage|p2a: Iron Hands|47\/100\n|-damage|p2b: Dudunsparce|3\/100\n|cant|p1a: Tyranitar|flinch\n|\n|-weather|Sandstorm|[upkeep]\n|-damage|p2b: Dudunsparce|0 fnt|[from] Sandstorm\n|-damage|p1a: Tyranitar|0 fnt|[from] Sandstorm\n|-damage|p2a: Iron Hands|41\/100|[from] Sandstorm\n|faint|p2b: Dudunsparce\n|faint|p1a: Tyranitar\n|upkeep\n|\n|t:|1684081901\n|switch|p1a: Iron Bundle|Iron Bundle, L50|100\/100\n|-enditem|p1a: Iron Bundle|Booster Energy\n|-activate|p1a: Iron Bundle|ability: Quark Drive|[fromitem]\n|-start|p1a: Iron Bundle|quarkdrivespe\n|turn|4\n|\n|t:|1684081909\n|move|p1a: Iron Bundle|Protect|p1a: Iron Bundle\n|-singleturn|p1a: Iron Bundle|Protect\n|move|p1b: Garchomp|Earthquake|p2a: Iron Hands|[spread] p2a\n|-activate|p1a: Iron Bundle|move: Protect\n|-supereffective|p2a: Iron Hands\n|-damage|p2a: Iron Hands|0 fnt\n|faint|p2a: Iron Hands\n|-end|p2a: Iron Hands|Quark Drive|[silent]\n|\n|win|mayburnvgc\n|raw|mayburnvgc's rating: 1118 → 1138<\/strong> (+20 for winning)\n|raw|Hactorgv_128's rating: 1048 → 1034<\/strong> (-14 for losing)\n|c|\u2606Hactorgv_128|gg\n|l|\u2606Hactorgv_128\n","uploadtime":1684081920,"views":16,"p1id":"mayburnvgc","p2id":"hactorgv128","formatid":"gen9vgc2023regulationc","rating":1034,"private":0,"password":""}