{"id":"gen9vgc2023regulationc-1860090913","p1":"Naruseiya","p2":"smash strechem","format":"[Gen 9] VGC 2023 Regulation C","log":"|j|\u2606Naruseiya\n|j|\u2606smash strechem\n|t:|1683594115\n|gametype|doubles\n|player|p1|Naruseiya|wallace|1023\n|player|p2|smash strechem|red|1076\n|teamsize|p1|6\n|teamsize|p2|6\n|gen|9\n|tier|[Gen 9] VGC 2023 Regulation C\n|rated|\n|rule|Species Clause: Limit one of each Pok\u00e9mon\n|rule|Item Clause: Limit one of each item\n|clearpoke\n|poke|p1|Gardevoir, L50, F|\n|poke|p1|Torkoal, L50, M|\n|poke|p1|Meowscarada, L50, F|\n|poke|p1|Flamigo, L50, M|\n|poke|p1|Krookodile, L50, M|\n|poke|p1|Armarouge, L50, M|\n|poke|p2|Meowscarada, L50, F|\n|poke|p2|Volcarona, L50, M|\n|poke|p2|Dragapult, L50, F|\n|poke|p2|Scream Tail, L50|\n|poke|p2|Espathra, L50, F|\n|poke|p2|Cloyster, L50, F|\n|teampreview|4\n|\n|t:|1683594133\n|start\n|switch|p1a: Krookodile|Krookodile, L50, M, shiny|100\/100\n|switch|p1b: Meowscarada|Meowscarada, L50, F, shiny|100\/100\n|switch|p2a: Volcarona|Volcarona, L50, M|100\/100\n|switch|p2b: Dragapult|Dragapult, L50, F|100\/100\n|turn|1\n|\n|t:|1683594150\n|-terastallize|p1a: Krookodile|Rock\n|move|p1b: Meowscarada|Flower Trick|p1a: Krookodile\n|-start|p1b: Meowscarada|typechange|Grass|[from] ability: Protean\n|-supereffective|p1a: Krookodile\n|-crit|p1a: Krookodile\n|-damage|p1a: Krookodile|15\/100\n|-setboost|p1a: Krookodile|atk|6|[from] ability: Anger Point\n|-enditem|p1a: Krookodile|Salac Berry|[eat]\n|-boost|p1a: Krookodile|spe|1|[from] item: Salac Berry\n|move|p1a: Krookodile|Earthquake|p2a: Volcarona|[spread] p1b,p2a,p2b\n|-resisted|p1b: Meowscarada\n|-damage|p1b: Meowscarada|0 fnt\n|-damage|p2a: Volcarona|0 fnt\n|-damage|p2b: Dragapult|0 fnt\n|faint|p1b: Meowscarada\n|faint|p2a: Volcarona\n|faint|p2b: Dragapult\n|\n|upkeep\n|\n|t:|1683594167\n|switch|p2b: Scream Tail|Scream Tail, L50|100\/100\n|switch|p1b: Flamigo|Flamigo, L50, M, shiny|100\/100\n|switch|p2a: Meowscarada|Meowscarada, L50, F|100\/100\n|-copyboost|p1b: Flamigo|p1a: Krookodile|[from] ability: Costar\n|turn|2\n|\n|t:|1683594180\n|move|p2a: Meowscarada|Protect|p2a: Meowscarada\n|-singleturn|p2a: Meowscarada|Protect\n|move|p1a: Krookodile|Earthquake|p2a: Meowscarada|[spread] p2b\n|-activate|p2a: Meowscarada|move: Protect\n|-immune|p1b: Flamigo\n|-crit|p2b: Scream Tail\n|-damage|p2b: Scream Tail|0 fnt\n|faint|p2b: Scream Tail\n|-end|p2b: Scream Tail|Protosynthesis|[silent]\n|move|p1b: Flamigo|Brave Bird|p2a: Meowscarada\n|-activate|p2a: Meowscarada|move: Protect\n|\n|upkeep\n|turn|3\n|-message|smash strechem forfeited.\n|\n|win|Naruseiya\n|raw|Naruseiya's rating: 1023 → 1065<\/strong> (+42 for winning)\n|raw|smash strechem's rating: 1076 → 1051<\/strong> (-25 for losing)\n|l|\u2606smash strechem\n","uploadtime":1683594196,"views":20,"p1id":"naruseiya","p2id":"smashstrechem","formatid":"gen9vgc2023regulationc","rating":1051,"private":0,"password":""}