{"id":"gen9vgc2023regulationc-1846739787","p1":"Stellaneous","p2":"Fluttermane Eyes","format":"[Gen 9] VGC 2023 Regulation C","log":"|j|\u2606Stellaneous\n|j|\u2606Fluttermane Eyes\n|t:|1681872425\n|gametype|doubles\n|player|p1|Stellaneous|101|1064\n|player|p2|Fluttermane Eyes|boarder|1041\n|teamsize|p1|6\n|teamsize|p2|6\n|gen|9\n|tier|[Gen 9] VGC 2023 Regulation C\n|rated|\n|rule|Species Clause: Limit one of each Pok\u00e9mon\n|rule|Item Clause: Limit one of each item\n|clearpoke\n|poke|p1|Palafin, L50, M|\n|poke|p1|Chien-Pao, L50|\n|poke|p1|Dragapult, L50, F|\n|poke|p1|Amoonguss, L50, F|\n|poke|p1|Arcanine, L50, M|\n|poke|p1|Flutter Mane, L50|\n|poke|p2|Chien-Pao, L50|\n|poke|p2|Dragonite, L50, F|\n|poke|p2|Ting-Lu, L50|\n|poke|p2|Scream Tail, L50|\n|poke|p2|Gyarados, L50, F|\n|poke|p2|Corviknight, L50, F|\n|teampreview|4\n|inactive|Battle timer is ON: inactive players will automatically lose when time's up. (requested by Stellaneous)\n|\n|t:|1681872493\n|start\n|switch|p1a: Bundle|Chien-Pao, L50|100\/100\n|switch|p1b: ChiYu|Arcanine, L50, M|100\/100\n|switch|p2a: Ting-Lu|Ting-Lu, L50|100\/100\n|switch|p2b: Corviknight|Corviknight, L50, F|100\/100\n|-ability|p1a: Bundle|Sword of Ruin\n|-ability|p1b: ChiYu|Intimidate|boost\n|-fail|p2a: Ting-Lu|unboost|[from] item: Clear Amulet|[of] p2a: Ting-Lu\n|-ability|p2b: Corviknight|Mirror Armor\n|-unboost|p1b: ChiYu|atk|1\n|-ability|p2a: Ting-Lu|Vessel of Ruin\n|turn|1\n|inactive|Stellaneous has 30 seconds left.\n|inactive|Fluttermane Eyes has 30 seconds left.\n|inactive|Stellaneous has 20 seconds left.\n|inactive|Fluttermane Eyes has 20 seconds left.\n|inactive|Stellaneous has 15 seconds left.\n|inactive|Fluttermane Eyes has 15 seconds left.\n|inactive|Stellaneous has 10 seconds left.\n|inactive|Stellaneous has 5 seconds left.\n|\n|t:|1681872548\n|move|p1a: Bundle|Sacred Sword|p2b: Corviknight\n|-damage|p2b: Corviknight|68\/100\n|move|p1b: ChiYu|Will-O-Wisp|p2a: Ting-Lu\n|-status|p2a: Ting-Lu|brn\n|move|p2b: Corviknight|Tailwind|p2b: Corviknight\n|-sidestart|p2: Fluttermane Eyes|move: Tailwind\n|move|p2a: Ting-Lu|Stealth Rock|p1b: ChiYu\n|-sidestart|p1: Stellaneous|move: Stealth Rock\n|\n|-heal|p2b: Corviknight|74\/100|[from] item: Leftovers\n|-damage|p2a: Ting-Lu|94\/100 brn|[from] brn\n|upkeep\n|turn|2\n|inactive|Stellaneous has 30 seconds left.\n|inactive|Fluttermane Eyes has 30 seconds left.\n|inactive|Stellaneous has 20 seconds left.\n|inactive|Stellaneous has 15 seconds left.\n|inactive|Stellaneous has 10 seconds left.\n|inactive|Stellaneous has 5 seconds left.\n|\n|t:|1681872603\n|move|p2b: Corviknight|Brave Bird|p1a: Bundle\n|-damage|p1a: Bundle|46\/100\n|-damage|p2b: Corviknight|60\/100|[from] Recoil\n|move|p1a: Bundle|Sacred Sword|p2b: Corviknight\n|-damage|p2b: Corviknight|27\/100\n|move|p1b: ChiYu|Will-O-Wisp|p2a: Ting-Lu|[miss]\n|-miss|p1b: ChiYu|p2a: Ting-Lu\n|move|p2a: Ting-Lu|Earthquake|p1b: ChiYu|[spread] p1a,p1b\n|-immune|p2b: Corviknight\n|-supereffective|p1b: ChiYu\n|-damage|p1a: Bundle|27\/100\n|-damage|p1b: ChiYu|57\/100\n|\n|-heal|p2b: Corviknight|33\/100|[from] item: Leftovers\n|-damage|p2a: Ting-Lu|88\/100 brn|[from] brn\n|upkeep\n|turn|3\n|inactive|Stellaneous has 30 seconds left.\n|inactive|Fluttermane Eyes has 30 seconds left.\n|inactive|Stellaneous has 20 seconds left.\n|inactive|Fluttermane Eyes has 20 seconds left.\n|inactive|Stellaneous has 15 seconds left.\n|inactive|Fluttermane Eyes has 15 seconds left.\n|inactive|Stellaneous has 10 seconds left.\n|inactive|Stellaneous has 5 seconds left.\n|\n|t:|1681872658\n|switch|p2b: Gyarados|Gyarados, L50, F|100\/100\n|-ability|p2b: Gyarados|Intimidate|boost\n|-unboost|p1a: Bundle|atk|1\n|-unboost|p1b: ChiYu|atk|1\n|move|p2a: Ting-Lu|Protect|p2a: Ting-Lu\n|-singleturn|p2a: Ting-Lu|Protect\n|move|p1a: Bundle|Sacred Sword|p2b: Gyarados\n|-resisted|p2b: Gyarados\n|-damage|p2b: Gyarados|90\/100\n|move|p1b: ChiYu|Will-O-Wisp|p2a: Ting-Lu\n|-activate|p2a: Ting-Lu|move: Protect\n|\n|-damage|p2a: Ting-Lu|82\/100 brn|[from] brn\n|upkeep\n|turn|4\n|inactive|Stellaneous has 30 seconds left.\n|inactive|Fluttermane Eyes has 30 seconds left.\n|inactive|Stellaneous has 20 seconds left.\n|inactive|Stellaneous has 15 seconds left.\n|inactive|Stellaneous has 10 seconds left.\n|inactive|Stellaneous has 5 seconds left.\n|\n|t:|1681872713\n|-terastallize|p2b: Gyarados|Steel\n|move|p2b: Gyarados|Iron Head|p1a: Bundle\n|-supereffective|p1a: Bundle\n|-crit|p1a: Bundle\n|-damage|p1a: Bundle|0 fnt\n|faint|p1a: Bundle\n|move|p1b: ChiYu|Will-O-Wisp|p2a: Ting-Lu\n|-fail|p2a: Ting-Lu|brn\n|move|p2a: Ting-Lu|Whirlwind|p1b: ChiYu\n|drag|p1b: WoChien|Amoonguss, L50, F|100\/100\n|-damage|p1b: WoChien|88\/100|[from] Stealth Rock\n|\n|-damage|p2a: Ting-Lu|76\/100 brn|[from] brn\n|-sideend|p2: Fluttermane Eyes|move: Tailwind\n|upkeep\n|inactive|Stellaneous has 30 seconds left.\n|inactive|Stellaneous has 20 seconds left.\n|inactive|Stellaneous has 15 seconds left.\n|inactive|Stellaneous has 10 seconds left.\n|inactive|Stellaneous has 5 seconds left.\n|\n|t:|1681872768\n|switch|p1a: ChiYu|Arcanine, L50, M|57\/100\n|-damage|p1a: ChiYu|32\/100|[from] Stealth Rock\n|-ability|p1a: ChiYu|Intimidate|boost\n|-fail|p2a: Ting-Lu|unboost|[from] item: Clear Amulet|[of] p2a: Ting-Lu\n|-unboost|p2b: Gyarados|atk|1\n|turn|5\n|inactive|Stellaneous has 30 seconds left.\n|inactive|Fluttermane Eyes has 30 seconds left.\n|inactive|Stellaneous has 20 seconds left.\n|inactive|Fluttermane Eyes has 20 seconds left.\n|inactive|Stellaneous has 15 seconds left.\n|inactive|Stellaneous has 10 seconds left.\n|inactive|Stellaneous has 5 seconds left.\n|\n|t:|1681872823\n|switch|p2a: Scream Tail|Scream Tail, L50|100\/100\n|-enditem|p2a: Scream Tail|Booster Energy\n|-activate|p2a: Scream Tail|ability: Protosynthesis|[fromitem]\n|-start|p2a: Scream Tail|protosynthesisspe\n|move|p1a: ChiYu|Will-O-Wisp|p2b: Gyarados\n|-status|p2b: Gyarados|brn\n|move|p2b: Gyarados|Taunt|p1b: WoChien\n|-start|p1b: WoChien|move: Taunt\n|cant|p1b: WoChien|move: Taunt|Spore\n|\n|-damage|p2b: Gyarados|84\/100 brn|[from] brn\n|upkeep\n|turn|6\n|inactive|Stellaneous has 30 seconds left.\n|inactive|Fluttermane Eyes has 30 seconds left.\n|inactive|Stellaneous has 20 seconds left.\n|inactive|Fluttermane Eyes has 20 seconds left.\n|inactive|Stellaneous has 15 seconds left.\n|inactive|Fluttermane Eyes has 15 seconds left.\n|inactive|Stellaneous has 10 seconds left.\n|inactive|Fluttermane Eyes has 10 seconds left.\n|inactive|Stellaneous has 5 seconds left.\n|\n|t:|1681872878\n|move|p2a: Scream Tail|Encore|p1a: ChiYu\n|-start|p1a: ChiYu|Encore\n|move|p1a: ChiYu|Will-O-Wisp|p2b: Gyarados\n|-fail|p2b: Gyarados|brn\n|move|p2b: Gyarados|Dragon Pulse|p1b: WoChien\n|-damage|p1b: WoChien|79\/100\n|move|p1b: WoChien|Pollen Puff|p2a: Scream Tail\n|-damage|p2a: Scream Tail|88\/100\n|\n|-damage|p2b: Gyarados|78\/100 brn|[from] brn\n|upkeep\n|turn|7\n|inactive|Stellaneous has 30 seconds left.\n|inactive|Stellaneous has 20 seconds left.\n|inactive|Stellaneous has 15 seconds left.\n|inactive|Stellaneous has 10 seconds left.\n|inactive|Stellaneous has 5 seconds left.\n|-message|Stellaneous lost due to inactivity.\n|\n|win|Fluttermane Eyes\n|raw|Stellaneous's rating: 1093 → 1065<\/strong> (-28 for losing)\n|raw|Fluttermane Eyes's rating: 1041 → 1080<\/strong> (+39 for winning)\n","uploadtime":1681872926,"views":12,"p1id":"stellaneous","p2id":"fluttermaneeyes","formatid":"gen9vgc2023regulationc","rating":1065,"private":0,"password":""}