{"id":"gen9vgc2023regulationc-1848946074","p1":"BeegYoshi83","p2":"czarVGC","format":"[Gen 9] VGC 2023 Regulation C","log":"|j|\u2606BeegYoshi83\n|j|\u2606czarVGC\n|t:|1682129577\n|gametype|doubles\n|player|p1|BeegYoshi83|hiker-gen4|1140\n|player|p2|czarVGC|li|1048\n|teamsize|p1|6\n|teamsize|p2|6\n|gen|9\n|tier|[Gen 9] VGC 2023 Regulation C\n|rated|\n|rule|Species Clause: Limit one of each Pok\u00e9mon\n|rule|Item Clause: Limit one of each item\n|clearpoke\n|poke|p1|Flutter Mane, L50|\n|poke|p1|Torkoal, L50, M|\n|poke|p1|Annihilape, L50, F|\n|poke|p1|Amoonguss, L50, M|\n|poke|p1|Chi-Yu, L50|\n|poke|p1|Palafin, L50, M|\n|poke|p2|Wo-Chien, L50|\n|poke|p2|Great Tusk, L50|\n|poke|p2|Flutter Mane, L50|\n|poke|p2|Iron Bundle, L50|\n|poke|p2|Klefki, L50, M|\n|poke|p2|Torkoal, L50, F|\n|teampreview|4\n|inactive|Battle timer is ON: inactive players will automatically lose when time's up. (requested by BeegYoshi83)\n|inactive|BeegYoshi83 has 60 seconds left.\n|c|\u2606czarVGC|BIG YOSHI\n|c|\u2606czarVGC|BEEEEG\n|\n|t:|1682129631\n|start\n|switch|p1a: Chi-Yu|Chi-Yu, L50|100\/100\n|switch|p1b: Flutter Mane|Flutter Mane, L50|100\/100\n|switch|p2a: Flutter Mane|Flutter Mane, L50, shiny|100\/100\n|switch|p2b: Iron Bundle|Iron Bundle, L50|100\/100\n|-ability|p1a: Chi-Yu|Beads of Ruin\n|turn|1\n|\n|t:|1682129655\n|-terastallize|p1b: Flutter Mane|Fairy\n|-terastallize|p2a: Flutter Mane|Fire\n|move|p2b: Iron Bundle|Protect|p2b: Iron Bundle\n|-singleturn|p2b: Iron Bundle|Protect\n|move|p1a: Chi-Yu|Heat Wave|p2b: Iron Bundle|[spread] p2a\n|-activate|p2b: Iron Bundle|move: Protect\n|-resisted|p2a: Flutter Mane\n|-damage|p2a: Flutter Mane|77\/100\n|move|p1b: Flutter Mane|Dazzling Gleam|p2a: Flutter Mane|[spread] p2a\n|-activate|p2b: Iron Bundle|move: Protect\n|-resisted|p2a: Flutter Mane\n|-damage|p2a: Flutter Mane|45\/100\n|move|p2a: Flutter Mane|Power Gem|p1a: Chi-Yu\n|-supereffective|p1a: Chi-Yu\n|-damage|p1a: Chi-Yu|29\/100\n|\n|upkeep\n|turn|2\n|inactive|czarVGC has 30 seconds left.\n|\n|t:|1682129682\n|-end|p2a: Flutter Mane|Protosynthesis|[silent]\n|switch|p2a: Torkoal|Torkoal, L50, F|100\/100\n|-weather|SunnyDay|[from] ability: Drought|[of] p2a: Torkoal\n|-activate|p1b: Flutter Mane|ability: Protosynthesis\n|-start|p1b: Flutter Mane|protosynthesisspe\n|move|p1b: Flutter Mane|Dazzling Gleam|p2a: Torkoal|[spread] p2a,p2b\n|-resisted|p2a: Torkoal\n|-damage|p2a: Torkoal|60\/100\n|-damage|p2b: Iron Bundle|10\/100\n|move|p1a: Chi-Yu|Heat Wave|p2a: Torkoal|[spread] p2a,p2b\n|-resisted|p2a: Torkoal\n|-damage|p2a: Torkoal|17\/100\n|-damage|p2b: Iron Bundle|0 fnt\n|faint|p2b: Iron Bundle\n|-end|p2b: Iron Bundle|Quark Drive|[silent]\n|\n|-weather|SunnyDay|[upkeep]\n|upkeep\n|\n|t:|1682129696\n|switch|p2b: Flutter Mane|Flutter Mane, L50, shiny, tera:Fire|45\/100\n|-activate|p2b: Flutter Mane|ability: Protosynthesis\n|-start|p2b: Flutter Mane|protosynthesisspe\n|turn|3\n|\n|t:|1682129717\n|move|p1b: Flutter Mane|Dazzling Gleam|p2a: Torkoal|[spread] p2a,p2b\n|-resisted|p2a: Torkoal\n|-resisted|p2b: Flutter Mane\n|-damage|p2a: Torkoal|0 fnt\n|-damage|p2b: Flutter Mane|8\/100\n|faint|p2a: Torkoal\n|move|p2b: Flutter Mane|Moonblast|p1b: Flutter Mane\n|-damage|p1b: Flutter Mane|47\/100\n|-unboost|p1b: Flutter Mane|spa|1\n|move|p1a: Chi-Yu|Heat Wave|p2b: Flutter Mane|[miss]\n|-miss|p1a: Chi-Yu|p2b: Flutter Mane\n|\n|-weather|SunnyDay|[upkeep]\n|upkeep\n|\n|t:|1682129728\n|switch|p2a: Wo-Chien|Wo-Chien, L50|100\/100\n|-ability|p2a: Wo-Chien|Tablets of Ruin\n|turn|4\n|\n|t:|1682129741\n|move|p1b: Flutter Mane|Dazzling Gleam|p2a: Wo-Chien|[spread] p2a,p2b\n|-supereffective|p2a: Wo-Chien\n|-resisted|p2b: Flutter Mane\n|-damage|p2a: Wo-Chien|21\/100\n|-damage|p2b: Flutter Mane|0 fnt\n|faint|p2b: Flutter Mane\n|-end|p2b: Flutter Mane|Protosynthesis|[silent]\n|move|p1a: Chi-Yu|Heat Wave|p2a: Wo-Chien\n|-supereffective|p2a: Wo-Chien\n|-damage|p2a: Wo-Chien|0 fnt\n|faint|p2a: Wo-Chien\n|\n|win|BeegYoshi83\n|raw|BeegYoshi83's rating: 1118 → 1138<\/strong> (+20 for winning)\n|raw|czarVGC's rating: 1048 → 1034<\/strong> (-14 for losing)\n","uploadtime":1682129751,"views":11,"p1id":"beegyoshi83","p2id":"czarvgc","formatid":"gen9vgc2023regulationc","rating":1034,"private":0,"password":""}