{"id":"gen9vgc2023regulationc-1863919428","p1":"Millamojake","p2":"Realpokehrzz","format":"[Gen 9] VGC 2023 Regulation C","log":"|j|\u2606Millamojake\n|j|\u2606Realpokehrzz\n|t:|1684093323\n|gametype|doubles\n|player|p1|Millamojake|alder|1178\n|player|p2|Realpokehrzz|1|1218\n|teamsize|p1|6\n|teamsize|p2|6\n|gen|9\n|tier|[Gen 9] VGC 2023 Regulation C\n|rated|\n|rule|Species Clause: Limit one of each Pok\u00e9mon\n|rule|Item Clause: Limit one of each item\n|clearpoke\n|poke|p1|Hawlucha, L50, F|\n|poke|p1|Indeedee-F, L50, F|\n|poke|p1|Armarouge, L50, F|\n|poke|p1|Palafin, L50, M|\n|poke|p1|Sandy Shocks, L50|\n|poke|p1|Chien-Pao, L50|\n|poke|p2|Chien-Pao, L50|\n|poke|p2|Glimmora, L50, M|\n|poke|p2|Tyranitar, L50, M|\n|poke|p2|Gyarados, L50, M|\n|poke|p2|Flutter Mane, L50|\n|poke|p2|Amoonguss, L50, F|\n|teampreview|4\n|inactive|Battle timer is ON: inactive players will automatically lose when time's up. (requested by Millamojake)\n|j| joseluismurcia\n|inactive|Millamojake has 60 seconds left.\n|inactive|Realpokehrzz has 60 seconds left.\n|\n|t:|1684093379\n|start\n|switch|p1a: Palafin|Palafin, L50, M, shiny|100\/100\n|switch|p1b: Indeedee|Indeedee-F, L50, F|100\/100\n|switch|p2a: Glimmora|Glimmora, L50, M|100\/100\n|switch|p2b: Gyarados|Gyarados, L50, M|100\/100\n|-ability|p2b: Gyarados|Intimidate|boost\n|-unboost|p1a: Palafin|atk|1\n|-enditem|p1a: Palafin|Eject Pack\n|-unboost|p1b: Indeedee|atk|1\n|\n|t:|1684093400\n|detailschange|p1a: Palafin|Palafin-Hero, L50, M, shiny\n|switch|p1a: Sandy Shocks|Sandy Shocks, L50, shiny|100\/100\n|-fieldstart|move: Psychic Terrain|[from] ability: Psychic Surge|[of] p1b: Indeedee\n|-enditem|p1a: Sandy Shocks|Booster Energy\n|-activate|p1a: Sandy Shocks|ability: Protosynthesis|[fromitem]\n|-start|p1a: Sandy Shocks|protosynthesisspe\n|turn|1\n|inactive|Millamojake has 30 seconds left.\n|\n|t:|1684093426\n|move|p2b: Gyarados|Protect|p2b: Gyarados\n|-singleturn|p2b: Gyarados|Protect\n|move|p1b: Indeedee|Follow Me|p1b: Indeedee\n|-singleturn|p1b: Indeedee|move: Follow Me\n|move|p1a: Sandy Shocks|Thunderbolt|p2b: Gyarados\n|-activate|p2b: Gyarados|move: Protect\n|move|p2a: Glimmora|Mortal Spin|p1b: Indeedee|[spread] p1a,p1b\n|-resisted|p1a: Sandy Shocks\n|-damage|p1a: Sandy Shocks|98\/100\n|-damage|p1b: Indeedee|95\/100\n|-status|p1a: Sandy Shocks|psn\n|-status|p1b: Indeedee|psn\n|\n|-damage|p1a: Sandy Shocks|86\/100 psn|[from] psn\n|-damage|p1b: Indeedee|83\/100 psn|[from] psn\n|upkeep\n|turn|2\n|inactive|Realpokehrzz has 30 seconds left.\n|\n|t:|1684093457\n|-terastallize|p2b: Gyarados|Ground\n|move|p1b: Indeedee|Follow Me|p1b: Indeedee\n|-singleturn|p1b: Indeedee|move: Follow Me\n|move|p1a: Sandy Shocks|Earth Power|p2a: Glimmora\n|-supereffective|p2a: Glimmora\n|-enditem|p2a: Glimmora|Focus Sash\n|-damage|p2a: Glimmora|1\/100\n|move|p2a: Glimmora|Earth Power|p1b: Indeedee\n|-damage|p1b: Indeedee|54\/100 psn\n|move|p2b: Gyarados|Waterfall|p1b: Indeedee\n|-damage|p1b: Indeedee|24\/100 psn\n|\n|-damage|p1a: Sandy Shocks|74\/100 psn|[from] psn\n|-damage|p1b: Indeedee|12\/100 psn|[from] psn\n|upkeep\n|turn|3\n|inactive|Millamojake has 30 seconds left.\n|inactive|Realpokehrzz has 30 seconds left.\n|inactive|Millamojake has 20 seconds left.\n|inactive|Millamojake has 15 seconds left.\n|inactive|Millamojake has 10 seconds left.\n|\n|t:|1684093505\n|switch|p2b: Tyranitar|Tyranitar, L50, M|100\/100\n|-weather|Sandstorm|[from] ability: Sand Stream|[of] p2b: Tyranitar\n|move|p2a: Glimmora|Spiky Shield|p2a: Glimmora\n|-singleturn|p2a: Glimmora|move: Protect\n|move|p1a: Sandy Shocks|Earth Power|p2a: Glimmora\n|-activate|p2a: Glimmora|move: Protect\n|move|p1b: Indeedee|Psychic|p2b: Tyranitar\n|-immune|p2b: Tyranitar\n|\n|-weather|Sandstorm|[upkeep]\n|-damage|p1a: Sandy Shocks|62\/100 psn|[from] psn\n|-damage|p1b: Indeedee|0 fnt|[from] psn\n|faint|p1b: Indeedee\n|upkeep\n|\n|t:|1684093512\n|switch|p1b: Palafin|Palafin-Hero, L50, M, shiny|100\/100\n|-activate|p1b: Palafin|ability: Zero to Hero\n|turn|4\n|inactive|Millamojake has 30 seconds left.\n|inactive|Realpokehrzz has 30 seconds left.\n|-message|Realpokehrzz forfeited.\n|\n|win|Millamojake\n|raw|Millamojake's rating: 1178 → 1206<\/strong> (+28 for winning)\n|raw|Realpokehrzz's rating: 1218 → 1190<\/strong> (-28 for losing)\n|l|\u2606Realpokehrzz\n","uploadtime":1684093555,"views":7,"p1id":"millamojake","p2id":"realpokehrzz","formatid":"gen9vgc2023regulationc","rating":1190,"private":0,"password":""}