{"id":"gen9vgc2023regulationc-1844932496","p1":"NayeonPopbestidol","p2":"Fluttermane<3","format":"[Gen 9] VGC 2023 Regulation C","log":"|j|\u2606NayeonPopbestidol\n|j|\u2606Fluttermane<3\n|t:|1681665523\n|gametype|doubles\n|player|p1|NayeonPopbestidol|acetrainerf|1232\n|player|p2|Fluttermane<3|cynthia|1299\n|teamsize|p1|6\n|teamsize|p2|6\n|gen|9\n|tier|[Gen 9] VGC 2023 Regulation C\n|rated|\n|rule|Species Clause: Limit one of each Pok\u00e9mon\n|rule|Item Clause: Limit one of each item\n|clearpoke\n|poke|p1|Ting-Lu, L50|\n|poke|p1|Baxcalibur, L50, M|\n|poke|p1|Amoonguss, L50, M|\n|poke|p1|Flutter Mane, L50|\n|poke|p1|Gyarados, L50, M|\n|poke|p1|Chi-Yu, L50|\n|poke|p2|Torkoal, L50, M|\n|poke|p2|Lurantis, L50, F|\n|poke|p2|Farigiraf, L50, M|\n|poke|p2|Ting-Lu, L50|\n|poke|p2|Amoonguss, L50, F|\n|poke|p2|Iron Hands, L50|\n|teampreview|4\n|\n|t:|1681665562\n|start\n|switch|p1a: Eden|Chi-Yu, L50|100\/100\n|switch|p1b: Edea|Flutter Mane, L50, shiny|100\/100\n|switch|p2a: Farigiraf|Farigiraf, L50, M|100\/100\n|switch|p2b: Torkoal|Torkoal, L50, M|100\/100\n|-ability|p1a: Eden|Beads of Ruin\n|-weather|SunnyDay|[from] ability: Drought|[of] p2b: Torkoal\n|-activate|p1b: Edea|ability: Protosynthesis\n|-start|p1b: Edea|protosynthesisspa\n|turn|1\n|\n|t:|1681665583\n|-terastallize|p1b: Edea|Fairy\n|move|p2a: Farigiraf|Protect|p2a: Farigiraf\n|-singleturn|p2a: Farigiraf|Protect\n|move|p2b: Torkoal|Protect|p2b: Torkoal\n|-singleturn|p2b: Torkoal|Protect\n|move|p1a: Eden|Snarl|p2a: Farigiraf|[spread] \n|-activate|p2a: Farigiraf|move: Protect\n|-activate|p2b: Torkoal|move: Protect\n|move|p1b: Edea|Moonblast|p2a: Farigiraf\n|-activate|p2a: Farigiraf|move: Protect\n|\n|-weather|SunnyDay|[upkeep]\n|upkeep\n|turn|2\n|\n|t:|1681665608\n|switch|p2b: Iron Hands|Iron Hands, L50|100\/100\n|move|p1a: Eden|Snarl|p2b: Iron Hands|[spread] p2a,p2b\n|-supereffective|p2a: Farigiraf\n|-resisted|p2b: Iron Hands\n|-damage|p2a: Farigiraf|60\/100\n|-damage|p2b: Iron Hands|87\/100\n|-unboost|p2a: Farigiraf|spa|1\n|-unboost|p2b: Iron Hands|spa|1\n|move|p1b: Edea|Moonblast|p2a: Farigiraf\n|-damage|p2a: Farigiraf|0 fnt\n|faint|p2a: Farigiraf\n|\n|-weather|SunnyDay|[upkeep]\n|upkeep\n|\n|t:|1681665621\n|switch|p2a: Lurantis|Lurantis, L50, F|100\/100\n|turn|3\n|\n|t:|1681665635\n|switch|p1a: Craig|Ting-Lu, L50|100\/100\n|-ability|p1a: Craig|Vessel of Ruin\n|-terastallize|p2a: Lurantis|Fire\n|move|p1b: Edea|Protect|p1b: Edea\n|-singleturn|p1b: Edea|Protect\n|move|p2b: Iron Hands|Protect|p2b: Iron Hands\n|-singleturn|p2b: Iron Hands|Protect\n|move|p2a: Lurantis|Leaf Storm|p1b: Edea\n|-activate|p1b: Edea|move: Protect\n|\n|-weather|SunnyDay|[upkeep]\n|upkeep\n|turn|4\n|\n|t:|1681665653\n|move|p1b: Edea|Moonblast|p2b: Iron Hands\n|-supereffective|p2b: Iron Hands\n|-damage|p2b: Iron Hands|0 fnt\n|faint|p2b: Iron Hands\n|-end|p2b: Iron Hands|Quark Drive|[silent]\n|move|p1a: Craig|Stomping Tantrum|p2a: Lurantis\n|-supereffective|p2a: Lurantis\n|-damage|p2a: Lurantis|21\/100\n|move|p2a: Lurantis|Leaf Storm|p1b: Edea|[miss]\n|-miss|p2a: Lurantis|p1b: Edea\n|\n|-weather|SunnyDay|[upkeep]\n|upkeep\n|-message|Fluttermane<3 forfeited.\n|\n|win|NayeonPopbestidol\n|raw|NayeonPopbestidol's rating: 1232 → 1262<\/strong> (+30 for winning)\n|raw|Fluttermane<3's rating: 1299 → 1269<\/strong> (-30 for losing)\n|l|\u2606Fluttermane<3\n|c|\u2606NayeonPopbestidol|Gg\n","uploadtime":1681665682,"views":17,"p1id":"nayeonpopbestidol","p2id":"fluttermane3","formatid":"gen9vgc2023regulationc","rating":1262,"private":0,"password":""}