{"id":"gen9vgc2023regulationc-1857211393","p1":"BMDL_Champ_Phenix","p2":"himsicle","format":"[Gen 9] VGC 2023 Regulation C","log":"|j|\u2606BMDL_Champ_Phenix\n|j|\u2606himsicle\n|t:|1683158535\n|gametype|doubles\n|player|p1|BMDL_Champ_Phenix|steven|\n|player|p2|himsicle|2|\n|teamsize|p1|6\n|teamsize|p2|6\n|gen|9\n|tier|[Gen 9] VGC 2023 Regulation C\n|rule|Species Clause: Limit one of each Pok\u00e9mon\n|rule|Item Clause: Limit one of each item\n|clearpoke\n|poke|p1|Iron Valiant, L50|\n|poke|p1|Murkrow, L50, M|\n|poke|p1|Palafin, L50, F|\n|poke|p1|Tinkaton, L50, F|\n|poke|p1|Dudunsparce-*, L50, F|\n|poke|p1|Mabosstiff, L50, F|\n|poke|p2|Orthworm, L50, M|\n|poke|p2|Gyarados, L50, M|\n|poke|p2|Garchomp, L50, M|\n|poke|p2|Rotom-Wash, L50|\n|poke|p2|Iron Bundle, L50|\n|poke|p2|Dachsbun, L50, F|\n|teampreview|4\n|c|\u2606himsicle|game 3\n|c|\u2606BMDL_Champ_Phenix|glhf\n|c|\u2606himsicle|glhf\n|\n|t:|1683159101\n|start\n|switch|p1a: Leonardo|Iron Valiant, L50|100\/100\n|switch|p1b: Nevermore|Murkrow, L50, M|100\/100\n|switch|p2a: Orthworm|Orthworm, L50, M|100\/100\n|switch|p2b: Garchomp|Garchomp, L50, M|100\/100\n|-enditem|p1a: Leonardo|Booster Energy\n|-activate|p1a: Leonardo|ability: Quark Drive|[fromitem]\n|-start|p1a: Leonardo|quarkdrivespa\n|turn|1\n|\n|t:|1683159126\n|-terastallize|p2a: Orthworm|Fire\n|move|p1b: Nevermore|Tailwind|p1b: Nevermore\n|-sidestart|p1: BMDL_Champ_Phenix|move: Tailwind\n|move|p1a: Leonardo|Thunderbolt|p2a: Orthworm\n|-damage|p2a: Orthworm|55\/100\n|move|p2b: Garchomp|Rock Slide|p1b: Nevermore|[spread] p1a,p1b\n|-resisted|p1a: Leonardo\n|-supereffective|p1b: Nevermore\n|-damage|p1a: Leonardo|88\/100\n|-damage|p1b: Nevermore|71\/100\n|move|p2a: Orthworm|Iron Defense|p2a: Orthworm\n|-boost|p2a: Orthworm|def|2\n|\n|upkeep\n|turn|2\n|c|\u2606BMDL_Champ_Phenix|Wait hang on... your Terra water Orthworm\n|c|\u2606himsicle|oh shit what do we do\n|c|\u2606himsicle|i literally just made this\n|c|\u2606himsicle|2 secs ago remember\n|c|\u2606BMDL_Champ_Phenix|Yeah\n|c|\u2606himsicle|i can change it and we can run it back or u can just win\n|c|\u2606himsicle|doesnt matter to me really\n|c|\u2606himsicle|why would i terra water the orthworm what was i thinking?\n|c|\u2606BMDL_Champ_Phenix|Technically its Breaking a rule and normally with these types of deals rule breaking results in that game being lost\n|c|\u2606himsicle|gg then\n|c|\u2606himsicle|i aint tryna break tha rules\n|\n|t:|1683159247\n|move|p1b: Nevermore|Thunder Wave|p2a: Orthworm\n|-status|p2a: Orthworm|par\n|move|p1a: Leonardo|Moonblast|p2b: Garchomp\n|-supereffective|p2b: Garchomp\n|-damage|p2b: Garchomp|0 fnt\n|faint|p2b: Garchomp\n|cant|p2a: Orthworm|par\n|\n|upkeep\n|-message|himsicle forfeited.\n|\n|win|BMDL_Champ_Phenix\n|l|\u2606himsicle\n|c|\u2606BMDL_Champ_Phenix|gg\n","uploadtime":1683159287,"views":10,"p1id":"bmdlchampphenix","p2id":"himsicle","formatid":"gen9vgc2023regulationc","rating":0,"private":0,"password":""}