{"id":"gen9vgc2023regulationc-1845026856","p1":"MarioOnPS4","p2":"JellyBeanDeath","format":"[Gen 9] VGC 2023 Regulation C","log":"|j|\u2606MarioOnPS4\n|j|\u2606JellyBeanDeath\n|t:|1681675468\n|gametype|doubles\n|player|p1|MarioOnPS4|cyrus|1315\n|player|p2|JellyBeanDeath|102|1330\n|teamsize|p1|6\n|teamsize|p2|6\n|gen|9\n|tier|[Gen 9] VGC 2023 Regulation C\n|rated|\n|rule|Species Clause: Limit one of each Pok\u00e9mon\n|rule|Item Clause: Limit one of each item\n|clearpoke\n|poke|p1|Orthworm, L50, M|\n|poke|p1|Iron Hands, L50|\n|poke|p1|Ting-Lu, L50|\n|poke|p1|Palafin, L50, M|\n|poke|p1|Arcanine, L50, M|\n|poke|p1|Amoonguss, L50, F|\n|poke|p2|Toxicroak, L50, F|\n|poke|p2|Qwilfish, L50, F|\n|poke|p2|Pelipper, L50, F|\n|poke|p2|Azumarill, L50, M|\n|poke|p2|Amoonguss, L50, F|\n|poke|p2|Chien-Pao, L50|\n|teampreview|4\n|inactive|Battle timer is ON: inactive players will automatically lose when time's up. (requested by MarioOnPS4)\n|inactive|MarioOnPS4 has 60 seconds left.\n|inactive|MarioOnPS4 has 30 seconds left.\n|\n|t:|1681675530\n|start\n|switch|p1a: Orthworm|Orthworm, L50, M|100\/100\n|switch|p1b: Ting-Lu|Ting-Lu, L50|100\/100\n|switch|p2a: Pelipper|Pelipper, L50, F|100\/100\n|switch|p2b: Qwilfish|Qwilfish, L50, F|100\/100\n|-weather|RainDance|[from] ability: Drizzle|[of] p2a: Pelipper\n|-ability|p1b: Ting-Lu|Vessel of Ruin\n|turn|1\n|inactive|MarioOnPS4 has 30 seconds left.\n|inactive|JellyBeanDeath has 30 seconds left.\n|inactive|MarioOnPS4 has 20 seconds left.\n|inactive|JellyBeanDeath has 20 seconds left.\n|inactive|JellyBeanDeath has 15 seconds left.\n|inactive|JellyBeanDeath has 10 seconds left.\n|\n|t:|1681675582\n|switch|p2a: Azumarill|Azumarill, L50, M|100\/100\n|switch|p1b: Amoonguss|Amoonguss, L50, F|100\/100\n|move|p2b: Qwilfish|Protect|p2b: Qwilfish\n|-singleturn|p2b: Qwilfish|Protect\n|move|p1a: Orthworm|Protect||[still]\n|-fail|p1a: Orthworm\n|\n|-weather|RainDance|[upkeep]\n|upkeep\n|turn|2\n|\n|t:|1681675602\n|-terastallize|p2a: Azumarill|Water\n|move|p1b: Amoonguss|Rage Powder|p1b: Amoonguss\n|-singleturn|p1b: Amoonguss|move: Rage Powder\n|move|p2b: Qwilfish|Thunder Wave|p1b: Amoonguss\n|-status|p1b: Amoonguss|par\n|move|p1a: Orthworm|Shed Tail|p1a: Orthworm\n|-start|p1a: Orthworm|Substitute|[from] move: Shed Tail\n|-damage|p1a: Orthworm|50\/100\n|-enditem|p1a: Orthworm|Sitrus Berry|[eat]\n|-heal|p1a: Orthworm|75\/100|[from] item: Sitrus Berry\n|\n|t:|1681675618\n|switch|p1a: Iron Hands|Iron Hands, L50|100\/100|[from] Shed Tail\n|move|p2a: Azumarill|Belly Drum|p2a: Azumarill\n|-damage|p2a: Azumarill|50\/100\n|-setboost|p2a: Azumarill|atk|6|[from] move: Belly Drum\n|-enditem|p2a: Azumarill|Sitrus Berry|[eat]\n|-heal|p2a: Azumarill|75\/100|[from] item: Sitrus Berry\n|\n|-weather|RainDance|[upkeep]\n|upkeep\n|turn|3\n|\n|t:|1681675634\n|move|p2a: Azumarill|Protect|p2a: Azumarill\n|-singleturn|p2a: Azumarill|Protect\n|move|p1b: Amoonguss|Rage Powder|p1b: Amoonguss\n|-singleturn|p1b: Amoonguss|move: Rage Powder\n|move|p2b: Qwilfish|Liquidation|p1b: Amoonguss\n|-resisted|p1b: Amoonguss\n|-damage|p1b: Amoonguss|79\/100 par\n|move|p1a: Iron Hands|Wild Charge|p2a: Azumarill\n|-activate|p2a: Azumarill|move: Protect\n|\n|-weather|RainDance|[upkeep]\n|upkeep\n|turn|4\n|inactive|JellyBeanDeath has 30 seconds left.\n|\n|t:|1681675668\n|move|p1b: Amoonguss|Rage Powder|p1b: Amoonguss\n|-singleturn|p1b: Amoonguss|move: Rage Powder\n|move|p2b: Qwilfish|Liquidation|p1b: Amoonguss\n|-resisted|p1b: Amoonguss\n|-damage|p1b: Amoonguss|56\/100 par\n|move|p1a: Iron Hands|Wild Charge|p2a: Azumarill\n|-supereffective|p2a: Azumarill\n|-damage|p2a: Azumarill|0 fnt\n|faint|p2a: Azumarill\n|-damage|p1a: Iron Hands|85\/100|[from] Recoil\n|\n|-weather|RainDance|[upkeep]\n|-heal|p1a: Iron Hands|91\/100|[from] item: Leftovers\n|upkeep\n|-message|JellyBeanDeath forfeited.\n|\n|win|MarioOnPS4\n|raw|MarioOnPS4's rating: 1315 → 1336<\/strong> (+21 for winning)\n|raw|JellyBeanDeath's rating: 1330 → 1309<\/strong> (-21 for losing)\n|l|\u2606JellyBeanDeath\n","uploadtime":1681675693,"views":5,"p1id":"marioonps4","p2id":"jellybeandeath","formatid":"gen9vgc2023regulationc","rating":1309,"private":0,"password":""}