{"id":"gen9vgc2023regulationc-1848250364","p1":"MrIKUrtz","p2":"That_Leek","format":"[Gen 9] VGC 2023 Regulation C","log":"|j|\u2606MrIKUrtz\n|j|\u2606That_Leek\n|t:|1682048117\n|gametype|doubles\n|player|p1|MrIKUrtz|101|1084\n|player|p2|That_Leek|1|1123\n|teamsize|p1|6\n|teamsize|p2|6\n|gen|9\n|tier|[Gen 9] VGC 2023 Regulation C\n|rated|\n|rule|Species Clause: Limit one of each Pok\u00e9mon\n|rule|Item Clause: Limit one of each item\n|clearpoke\n|poke|p1|Torkoal, L50, M|\n|poke|p1|Lilligant, L50, F|\n|poke|p1|Chien-Pao, L50|\n|poke|p1|Flutter Mane, L50|\n|poke|p1|Iron Bundle, L50|\n|poke|p1|Annihilape, L50, M|\n|poke|p2|Gholdengo, L50|\n|poke|p2|Gyarados, L50, M|\n|poke|p2|Tyranitar, L50, M|\n|poke|p2|Maushold-Four, L50|\n|poke|p2|Annihilape, L50, F|\n|poke|p2|Volcarona, L50, M|\n|teampreview|4\nThat_Leek has agreed to open team sheets.\nMrIKUrtz has agreed to open team sheets.\n|\n|t:|1682048165\n|start\n|switch|p1a: Iron Bundle|Iron Bundle, L50|100\/100\n|switch|p1b: Annihilape|Annihilape, L50, M|100\/100\n|switch|p2a: Maushold|Maushold-Four, L50|100\/100\n|switch|p2b: Annihilape|Annihilape, L50, F|100\/100\n|turn|1\n|\n|t:|1682048179\n|move|p1b: Annihilape|Protect|p1b: Annihilape\n|-singleturn|p1b: Annihilape|Protect\n|move|p2a: Maushold|Follow Me|p2a: Maushold\n|-singleturn|p2a: Maushold|move: Follow Me\n|move|p1a: Iron Bundle|Freeze-Dry|p2a: Maushold\n|-damage|p2a: Maushold|52\/100\n|move|p2b: Annihilape|Bulk Up|p2b: Annihilape\n|-boost|p2b: Annihilape|atk|1\n|-boost|p2b: Annihilape|def|1\n|\n|upkeep\n|turn|2\n|\n|t:|1682048200\n|move|p1a: Iron Bundle|Hydro Pump|p2b: Annihilape\n|-damage|p2b: Annihilape|64\/100\n|move|p2a: Maushold|Beat Up|p2b: Annihilape\n|-damage|p2b: Annihilape|63\/100\n|-damage|p2b: Annihilape|61\/100\n|-damage|p2b: Annihilape|59\/100\n|-damage|p2b: Annihilape|58\/100\n|-hitcount|p2b: Annihilape|4\n|move|p1b: Annihilape|Drain Punch|p2a: Maushold\n|-supereffective|p2a: Maushold\n|-crit|p2a: Maushold\n|-damage|p2a: Maushold|0 fnt\n|faint|p2a: Maushold\n|move|p2b: Annihilape|Rage Fist|p1b: Annihilape\n|-supereffective|p1b: Annihilape\n|-damage|p1b: Annihilape|0 fnt\n|faint|p1b: Annihilape\n|\n|-heal|p2b: Annihilape|64\/100|[from] item: Leftovers\n|upkeep\n|\n|t:|1682048208\n|switch|p2a: Gholdengo|Gholdengo, L50|100\/100\n|switch|p1b: Flutter Mane|Flutter Mane, L50|100\/100\n|turn|3\n|\n|t:|1682048222\n|-terastallize|p2a: Gholdengo|Water\n|move|p2b: Annihilape|Protect|p2b: Annihilape\n|-singleturn|p2b: Annihilape|Protect\n|move|p1b: Flutter Mane|Moonblast|p2b: Annihilape\n|-activate|p2b: Annihilape|move: Protect\n|move|p1a: Iron Bundle|Freeze-Dry|p2a: Gholdengo\n|-supereffective|p2a: Gholdengo\n|-damage|p2a: Gholdengo|26\/100\n|move|p2a: Gholdengo|Make It Rain|p1b: Flutter Mane|[spread] p1a,p1b\n|-supereffective|p1b: Flutter Mane\n|-damage|p1a: Iron Bundle|0 fnt\n|-damage|p1b: Flutter Mane|0 fnt\n|-unboost|p2a: Gholdengo|spa|1\n|faint|p1a: Iron Bundle\n|-end|p1a: Iron Bundle|Quark Drive|[silent]\n|faint|p1b: Flutter Mane\n|-end|p1b: Flutter Mane|Protosynthesis|[silent]\n|-damage|p2a: Gholdengo|17\/100|[from] item: Life Orb\n|\n|-heal|p2b: Annihilape|71\/100|[from] item: Leftovers\n|upkeep\n|-message|MrIKUrtz forfeited.\n|\n|win|That_Leek\n|raw|MrIKUrtz's rating: 1084 → 1064<\/strong> (-20 for losing)\n|raw|That_Leek's rating: 1123 → 1145<\/strong> (+22 for winning)\n|l|\u2606MrIKUrtz\n","uploadtime":1682048242,"views":12,"p1id":"mrikurtz","p2id":"thatleek","formatid":"gen9vgc2023regulationc","rating":1064,"private":0,"password":""}