{"id":"gen9vgc2023regulationc-1850055723","p1":"rickchum","p2":"screamribbon","format":"[Gen 9] VGC 2023 Regulation C","log":"|j|\u2606rickchum\n|j|\u2606screamribbon\n|t:|1682282378\n|gametype|doubles\n|player|p1|rickchum|101|1321\n|player|p2|screamribbon|idol|1247\n|teamsize|p1|6\n|teamsize|p2|6\n|gen|9\n|tier|[Gen 9] VGC 2023 Regulation C\n|rated|\n|rule|Species Clause: Limit one of each Pok\u00e9mon\n|rule|Item Clause: Limit one of each item\n|clearpoke\n|poke|p1|Roaring Moon, L50|\n|poke|p1|Armarouge, L50, F|\n|poke|p1|Gyarados, L50, M|\n|poke|p1|Gholdengo, L50|\n|poke|p1|Iron Hands, L50|\n|poke|p1|Arboliva, L50, M|\n|poke|p2|Armarouge, L50, M|\n|poke|p2|Great Tusk, L50|\n|poke|p2|Talonflame, L50, M|\n|poke|p2|Indeedee-F, L50, F|\n|poke|p2|Gyarados, L50, F|\n|poke|p2|Flutter Mane, L50|\n|teampreview|4\n|inactive|Battle timer is ON: inactive players will automatically lose when time's up. (requested by rickchum)\nscreamribbon has agreed to open team sheets.\n|inactive|rickchum has 60 seconds left.\n|inactive|screamribbon has 60 seconds left.\n|\n|t:|1682282432\n|start\n|switch|p1a: Roaring Moon|Roaring Moon, L50|100\/100\n|switch|p1b: Armarouge|Armarouge, L50, F|100\/100\n|switch|p2a: Flutter Mane|Flutter Mane, L50|100\/100\n|switch|p2b: Talonflame|Talonflame, L50, M|100\/100\n|-enditem|p1a: Roaring Moon|Booster Energy\n|-activate|p1a: Roaring Moon|ability: Protosynthesis|[fromitem]\n|-start|p1a: Roaring Moon|protosynthesisspe\n|turn|1\n|\n|t:|1682282449\n|-terastallize|p1a: Roaring Moon|Poison\n|-terastallize|p2a: Flutter Mane|Fairy\n|move|p2b: Talonflame|Tailwind|p2b: Talonflame\n|-sidestart|p2: screamribbon|move: Tailwind\n|move|p2a: Flutter Mane|Moonblast|p1b: Armarouge\n|-resisted|p1b: Armarouge\n|-damage|p1b: Armarouge|64\/100\n|-unboost|p1b: Armarouge|spa|1\n|move|p1a: Roaring Moon|Jaw Lock|p2a: Flutter Mane\n|-resisted|p2a: Flutter Mane\n|-damage|p2a: Flutter Mane|68\/100\n|-activate|p1a: Roaring Moon|trapped\n|-activate|p2a: Flutter Mane|trapped\n|move|p1b: Armarouge|Armor Cannon|p2a: Flutter Mane\n|-damage|p2a: Flutter Mane|33\/100\n|-unboost|p1b: Armarouge|def|1\n|-unboost|p1b: Armarouge|spd|1\n|\n|upkeep\n|turn|2\n|inactive|screamribbon has 30 seconds left.\n|inactive|screamribbon has 20 seconds left.\n|inactive|screamribbon has 15 seconds left.\n|\n|t:|1682282491\n|switch|p1b: Gyarados|Gyarados, L50, M|100\/100\n|-ability|p1b: Gyarados|Intimidate|boost\n|-unboost|p2a: Flutter Mane|atk|1\n|-unboost|p2b: Talonflame|atk|1\n|move|p2b: Talonflame|U-turn|p1b: Gyarados\n|-resisted|p1b: Gyarados\n|-damage|p1b: Gyarados|96\/100\n|\n|t:|1682282498\n|switch|p2b: Armarouge|Armarouge, L50, M|100\/100|[from] U-turn\n|move|p2a: Flutter Mane|Moonblast|p1a: Roaring Moon\n|-resisted|p1a: Roaring Moon\n|-damage|p1a: Roaring Moon|60\/100\n|-unboost|p1a: Roaring Moon|spa|1\n|move|p1a: Roaring Moon|Jaw Lock|p2a: Flutter Mane\n|-resisted|p2a: Flutter Mane\n|-damage|p2a: Flutter Mane|1\/100\n|\n|upkeep\n|turn|3\n|\n|t:|1682282509\n|move|p2b: Armarouge|Endure|p2b: Armarouge\n|-singleturn|p2b: Armarouge|move: Endure\n|move|p2a: Flutter Mane|Moonblast|p1b: Gyarados\n|-damage|p1b: Gyarados|6\/100\n|move|p1a: Roaring Moon|Tailwind|p1a: Roaring Moon\n|-sidestart|p1: rickchum|move: Tailwind\n|move|p1b: Gyarados|Dragon Dance|p1b: Gyarados\n|-boost|p1b: Gyarados|atk|1\n|-boost|p1b: Gyarados|spe|1\n|\n|upkeep\n|turn|4\n|\n|t:|1682282525\n|move|p2b: Armarouge|Endure||[still]\n|-fail|p2b: Armarouge\n|move|p1a: Roaring Moon|Jaw Lock|p2a: Flutter Mane\n|-resisted|p2a: Flutter Mane\n|-damage|p2a: Flutter Mane|0 fnt\n|faint|p2a: Flutter Mane\n|-end|p2a: Flutter Mane|Protosynthesis|[silent]\n|move|p1b: Gyarados|Waterfall|p2b: Armarouge\n|-supereffective|p2b: Armarouge\n|-damage|p2b: Armarouge|0 fnt\n|faint|p2b: Armarouge\n|\n|-sideend|p2: screamribbon|move: Tailwind\n|upkeep\n|c|\u2606rickchum|I thikn they made it so\n|-message|screamribbon forfeited.\n|\n|win|rickchum\n|raw|rickchum's rating: 1321 → 1337<\/strong> (+16 for winning)\n|raw|screamribbon's rating: 1247 → 1227<\/strong> (-20 for losing)\n|l|\u2606screamribbon\n|c|\u2606rickchum|endure and ally switch work like protect\n|l|\u2606rickchum\n|j|\u2606screamribbon\n|player|p2|screamribbon|idol\n|c|\u2606screamribbon|wow really\n|c|\u2606screamribbon|i had no idea\n","uploadtime":1682282681,"views":12,"p1id":"rickchum","p2id":"screamribbon","formatid":"gen9vgc2023regulationc","rating":1227,"private":0,"password":""}