{"id":"gen9vgc2023regulationc-1861746999","p1":"matteo3960","p2":"slimejrlegit","format":"[Gen 9] VGC 2023 Regulation C","log":"|j|\u2606matteo3960\n|j|\u2606slimejrlegit\n|t:|1683803741\n|gametype|doubles\n|player|p1|matteo3960|266|1417\n|player|p2|slimejrlegit|169|1521\n|teamsize|p1|6\n|teamsize|p2|6\n|gen|9\n|tier|[Gen 9] VGC 2023 Regulation C\n|rated|\n|rule|Species Clause: Limit one of each Pok\u00e9mon\n|rule|Item Clause: Limit one of each item\n|clearpoke\n|poke|p1|Dragonite, L50, F|\n|poke|p1|Amoonguss, L50, F|\n|poke|p1|Chien-Pao, L50|\n|poke|p1|Annihilape, L50, M|\n|poke|p1|Flutter Mane, L50|\n|poke|p1|Arcanine, L50, M|\n|poke|p2|Abomasnow, L50, F|\n|poke|p2|Iron Bundle, L50|\n|poke|p2|Garchomp, L50, F|\n|poke|p2|Chien-Pao, L50|\n|poke|p2|Flutter Mane, L50|\n|poke|p2|Iron Valiant, L50|\n|teampreview|4\nmatteo3960 has agreed to open team sheets.\n|inactive|Battle timer is ON: inactive players will automatically lose when time's up. (requested by slimejrlegit)\nslimejrlegit has agreed to open team sheets.\n|inactive|matteo3960 has 60 seconds left.\n|inactive|slimejrlegit has 60 seconds left.\n|inactive|matteo3960 has 30 seconds left.\n|inactive|slimejrlegit has 30 seconds left.\n|inactive|matteo3960 has 20 seconds left.\n|inactive|matteo3960 has 15 seconds left.\n|inactive|matteo3960 has 10 seconds left.\n|inactive|matteo3960 has 5 seconds left.\n|\n|t:|1683803898\n|start\n|switch|p1a: Dragonite|Dragonite, L50, F|100\/100\n|switch|p1b: Amoonguss|Amoonguss, L50, F|100\/100\n|switch|p2a: Jet Jaguar|Iron Valiant, L50|100\/100\n|switch|p2b: GIGANNNNN|Garchomp, L50, F|100\/100\n|turn|1\n|inactive|matteo3960 has 30 seconds left.\n|inactive|slimejrlegit has 30 seconds left.\n|inactive|matteo3960 has 20 seconds left.\n|inactive|slimejrlegit has 20 seconds left.\n|inactive|matteo3960 has 15 seconds left.\n|inactive|slimejrlegit has 15 seconds left.\n|inactive|matteo3960 has 10 seconds left.\n|inactive|slimejrlegit has 10 seconds left.\n|inactive|matteo3960 has 5 seconds left.\n|\n|t:|1683803953\n|-terastallize|p2b: GIGANNNNN|Fire\n|move|p1a: Dragonite|Extreme Speed|p2a: Jet Jaguar\n|-damage|p2a: Jet Jaguar|60\/100\n|move|p2b: GIGANNNNN|Tera Blast|p1b: Amoonguss\n|-supereffective|p1b: Amoonguss\n|-damage|p1b: Amoonguss|26\/100\n|-enditem|p1b: Amoonguss|Sitrus Berry|[eat]\n|-heal|p1b: Amoonguss|51\/100|[from] item: Sitrus Berry\n|move|p2a: Jet Jaguar|Destiny Bond|p2a: Jet Jaguar\n|-singlemove|p2a: Jet Jaguar|Destiny Bond\n|move|p1b: Amoonguss|Pollen Puff|p2b: GIGANNNNN\n|-resisted|p2b: GIGANNNNN\n|-damage|p2b: GIGANNNNN|91\/100\n|\n|upkeep\n|turn|2\n|inactive|matteo3960 has 30 seconds left.\n|inactive|slimejrlegit has 30 seconds left.\n|inactive|matteo3960 has 20 seconds left.\n|inactive|slimejrlegit has 20 seconds left.\n|inactive|matteo3960 has 15 seconds left.\n|inactive|slimejrlegit has 15 seconds left.\n|inactive|matteo3960 has 10 seconds left.\n|inactive|matteo3960 has 5 seconds left.\n|\n|t:|1683804008\n|switch|p2b: Biollante|Abomasnow, L50, F|100\/100\n|-weather|Snow|[from] ability: Snow Warning|[of] p2b: Biollante\n|move|p1a: Dragonite|Extreme Speed|p2b: Biollante\n|-damage|p2b: Biollante|81\/100\n|move|p2a: Jet Jaguar|Moonblast|p1a: Dragonite\n|-supereffective|p1a: Dragonite\n|-damage|p1a: Dragonite|56\/100\n|move|p1b: Amoonguss|Pollen Puff|p2a: Jet Jaguar\n|-resisted|p2a: Jet Jaguar\n|-damage|p2a: Jet Jaguar|52\/100\n|\n|-weather|Snow|[upkeep]\n|upkeep\n|turn|3\n|inactive|matteo3960 has 30 seconds left.\n|inactive|matteo3960 has 20 seconds left.\n|inactive|matteo3960 has 15 seconds left.\n|inactive|matteo3960 has 10 seconds left.\n|inactive|matteo3960 has 5 seconds left.\n|\n|t:|1683804063\n|move|p1a: Dragonite|Extreme Speed|p2b: Biollante\n|-damage|p2b: Biollante|62\/100\n|move|p2a: Jet Jaguar|Destiny Bond|p2a: Jet Jaguar\n|-singlemove|p2a: Jet Jaguar|Destiny Bond\n|move|p2b: Biollante|Blizzard|p1a: Dragonite|[spread] p1a,p1b\n|-supereffective|p1a: Dragonite\n|-supereffective|p1b: Amoonguss\n|-damage|p1a: Dragonite|0 fnt\n|-damage|p1b: Amoonguss|0 fnt\n|faint|p1a: Dragonite\n|faint|p1b: Amoonguss\n|\n|-weather|Snow|[upkeep]\n|upkeep\n|inactive|matteo3960 has 30 seconds left.\n|inactive|matteo3960 has 20 seconds left.\n|inactive|matteo3960 has 15 seconds left.\n|inactive|matteo3960 has 10 seconds left.\n|inactive|matteo3960 has 5 seconds left.\n|\n|t:|1683804118\n|switch|p1a: Chien-Pao|Chien-Pao, L50|100\/100\n|switch|p1b: Annihilape|Annihilape, L50, M|100\/100\n|-ability|p1a: Chien-Pao|Sword of Ruin\n|turn|4\n|inactive|matteo3960 has 30 seconds left.\n|inactive|slimejrlegit has 30 seconds left.\n|inactive|matteo3960 has 20 seconds left.\n|inactive|slimejrlegit has 20 seconds left.\n|inactive|matteo3960 has 15 seconds left.\n|inactive|slimejrlegit has 15 seconds left.\n|inactive|matteo3960 has 10 seconds left.\n|inactive|slimejrlegit has 10 seconds left.\n|inactive|matteo3960 has 5 seconds left.\n|inactive|slimejrlegit has 5 seconds left.\n|\n|t:|1683804173\n|move|p2b: Biollante|Protect|p2b: Biollante\n|-singleturn|p2b: Biollante|Protect\n|move|p1a: Chien-Pao|Ice Spinner|p2a: Jet Jaguar\n|-damage|p2a: Jet Jaguar|0 fnt\n|faint|p2a: Jet Jaguar\n|-activate|p2a: Jet Jaguar|move: Destiny Bond\n|-end|p2a: Jet Jaguar|Quark Drive|[silent]\n|faint|p1a: Chien-Pao\n|move|p1b: Annihilape|Drain Punch|p2b: Biollante\n|-activate|p2b: Biollante|move: Protect\n|\n|-weather|Snow|[upkeep]\n|upkeep\n|\n|t:|1683804190\n|switch|p2a: GIGANNNNN|Garchomp, L50, F, tera:Fire|91\/100\n|turn|5\n|inactive|matteo3960 has 30 seconds left.\n|inactive|matteo3960 has 20 seconds left.\n|c|\u2606slimejrlegit|Gg\n|inactive|matteo3960 has 15 seconds left.\n|inactive|matteo3960 has 10 seconds left.\n|inactive|matteo3960 has 5 seconds left.\n|\n|t:|1683804245\n|switch|p2a: Firing Maser\u2026|Iron Bundle, L50|100\/100\n|-enditem|p2a: Firing Maser\u2026|Booster Energy\n|-activate|p2a: Firing Maser\u2026|ability: Quark Drive|[fromitem]\n|-start|p2a: Firing Maser\u2026|quarkdrivespe\n|move|p1b: Annihilape|Drain Punch|p2b: Biollante\n|-supereffective|p2b: Biollante\n|-damage|p2b: Biollante|16\/100\n|move|p2b: Biollante|Aurora Veil|p2b: Biollante\n|-sidestart|p2: slimejrlegit|move: Aurora Veil\n|\n|-weather|Snow|[upkeep]\n|upkeep\n|turn|6\n|inactive|matteo3960 has 30 seconds left.\n|inactive|matteo3960 has 20 seconds left.\n|inactive|matteo3960 has 15 seconds left.\n|inactive|matteo3960 has 10 seconds left.\n|inactive|matteo3960 has 5 seconds left.\n|\n|t:|1683804300\n|move|p2a: Firing Maser\u2026|Protect|p2a: Firing Maser\u2026\n|-singleturn|p2a: Firing Maser\u2026|Protect\n|move|p1b: Annihilape|Drain Punch|p2b: Biollante\n|-supereffective|p2b: Biollante\n|-damage|p2b: Biollante|0 fnt\n|faint|p2b: Biollante\n|\n|-weather|Snow|[upkeep]\n|upkeep\n|\n|t:|1683804309\n|switch|p2b: GIGANNNNN|Garchomp, L50, F, tera:Fire|91\/100\n|turn|7\n|inactive|matteo3960 has 30 seconds left.\n|inactive|matteo3960 has 20 seconds left.\n|inactive|matteo3960 has 15 seconds left.\n|inactive|matteo3960 has 10 seconds left.\n|inactive|matteo3960 has 5 seconds left.\n|-message|matteo3960 lost due to inactivity.\n|\n|win|slimejrlegit\n|raw|matteo3960's rating: 1417 → 1403<\/strong> (-14 for losing)\n|raw|slimejrlegit's rating: 1521 → 1535<\/strong> (+14 for winning)\n|l|\u2606matteo3960\n|l|\u2606slimejrlegit\n|j|\u2606slimejrlegit\n|player|p2|slimejrlegit|169\n","uploadtime":1683804355,"views":21,"p1id":"matteo3960","p2id":"slimejrlegit","formatid":"gen9vgc2023regulationc","rating":1403,"private":0,"password":""}