{"id":"gen9vgc2023regulationc-1860660732","p1":"BaltimoreBuizels","p2":"ruby_firedragonQ","format":"[Gen 9] VGC 2023 Regulation C","log":"|j|\u2606BaltimoreBuizels\n|j|\u2606ruby_firedragonQ\n|t:|1683663561\n|gametype|doubles\n|player|p1|BaltimoreBuizels|flannery|1139\n|player|p2|ruby_firedragonQ|iris-gen5bw2|1168\n|teamsize|p1|6\n|teamsize|p2|6\n|gen|9\n|tier|[Gen 9] VGC 2023 Regulation C\n|rated|\n|rule|Species Clause: Limit one of each Pok\u00e9mon\n|rule|Item Clause: Limit one of each item\n|clearpoke\n|poke|p1|Dragapult, L50, M|\n|poke|p1|Chien-Pao, L50|\n|poke|p1|Talonflame, L50, F|\n|poke|p1|Iron Bundle, L50|\n|poke|p1|Flutter Mane, L50|\n|poke|p1|Amoonguss, L50, M|\n|poke|p2|Chi-Yu, L50|\n|poke|p2|Iron Bundle, L50|\n|poke|p2|Flutter Mane, L50|\n|poke|p2|Tauros-Paldea-Blaze, L50, M|\n|poke|p2|Palafin, L50, F|\n|poke|p2|Amoonguss, L50, M|\n|teampreview|4\nruby_firedragonQ has agreed to open team sheets.\nBaltimoreBuizels has agreed to open team sheets.\n|\n|t:|1683663620\n|start\n|switch|p1a: Gimbob|Iron Bundle, L50, shiny|100\/100\n|switch|p1b: Fluttercott|Flutter Mane, L50, shiny|100\/100\n|switch|p2a: Chi-Yu|Chi-Yu, L50|100\/100\n|switch|p2b: Iron Bundle|Iron Bundle, L50|100\/100\n|-ability|p2a: Chi-Yu|Beads of Ruin\n|-enditem|p2b: Iron Bundle|Booster Energy\n|-activate|p2b: Iron Bundle|ability: Quark Drive|[fromitem]\n|-start|p2b: Iron Bundle|quarkdrivespe\n|-enditem|p1a: Gimbob|Booster Energy\n|-activate|p1a: Gimbob|ability: Quark Drive|[fromitem]\n|-start|p1a: Gimbob|quarkdrivespe\n|turn|1\n|\n|t:|1683663655\n|move|p2b: Iron Bundle|Icy Wind|p1b: Fluttercott|[spread] p1a,p1b\n|-resisted|p1a: Gimbob\n|-damage|p1a: Gimbob|88\/100\n|-damage|p1b: Fluttercott|73\/100\n|-unboost|p1a: Gimbob|spe|1\n|-unboost|p1b: Fluttercott|spe|1\n|move|p1a: Gimbob|Hydro Pump|p2a: Chi-Yu\n|-supereffective|p2a: Chi-Yu\n|-enditem|p2a: Chi-Yu|Focus Sash\n|-damage|p2a: Chi-Yu|1\/100\n|move|p2a: Chi-Yu|Flamethrower|p1a: Gimbob\n|-damage|p1a: Gimbob|0 fnt\n|faint|p1a: Gimbob\n|-end|p1a: Gimbob|Quark Drive|[silent]\n|move|p1b: Fluttercott|Dazzling Gleam|p2b: Iron Bundle|[spread] p2a,p2b\n|-damage|p2a: Chi-Yu|0 fnt\n|-damage|p2b: Iron Bundle|0 fnt\n|faint|p2a: Chi-Yu\n|faint|p2b: Iron Bundle\n|-end|p2b: Iron Bundle|Quark Drive|[silent]\n|\n|upkeep\n|c|\u2606ruby_firedragonQ|crap i forgot tera\n|\n|t:|1683663672\n|switch|p1a: Turkeyleg|Dragapult, L50, M, shiny|100\/100\n|switch|p2b: Flutter Mane|Flutter Mane, L50|100\/100\n|switch|p2a: Tauros|Tauros-Paldea-Blaze, L50, M|100\/100\n|-ability|p2a: Tauros|Intimidate|boost\n|-fail|p1a: Turkeyleg|unboost|[from] ability: Clear Body|[of] p1a: Turkeyleg\n|-unboost|p1b: Fluttercott|atk|1\n|turn|2\n|\n|t:|1683663695\n|-terastallize|p1a: Turkeyleg|Steel\n|-terastallize|p2b: Flutter Mane|Fairy\n|move|p1a: Turkeyleg|Tera Blast|p2b: Flutter Mane\n|-supereffective|p2b: Flutter Mane\n|-damage|p2b: Flutter Mane|0 fnt\n|faint|p2b: Flutter Mane\n|-end|p2b: Flutter Mane|Protosynthesis|[silent]\n|-damage|p1a: Turkeyleg|91\/100|[from] item: Life Orb\n|move|p2a: Tauros|Will-O-Wisp|p1a: Turkeyleg|[miss]\n|-miss|p2a: Tauros|p1a: Turkeyleg\n|move|p1b: Fluttercott|Dazzling Gleam|p2a: Tauros\n|-damage|p2a: Tauros|16\/100\n|\n|upkeep\n|turn|3\n|-message|ruby_firedragonQ forfeited.\n|\n|win|BaltimoreBuizels\n|raw|BaltimoreBuizels's rating: 1139 → 1166<\/strong> (+27 for winning)\n|raw|ruby_firedragonQ's rating: 1168 → 1141<\/strong> (-27 for losing)\n|l|\u2606ruby_firedragonQ\n","uploadtime":1683663709,"views":19,"p1id":"baltimorebuizels","p2id":"rubyfiredragonq","formatid":"gen9vgc2023regulationc","rating":1141,"private":0,"password":""}