{"id":"gen9vgc2023regulationc-1856788076","p1":"SurpriseAttacks","p2":"PixelDupe1","format":"[Gen 9] VGC 2023 Regulation C","log":"|j|\u2606SurpriseAttacks\n|j|\u2606PixelDupe1\n|t:|1683111538\n|gametype|doubles\n|player|p1|SurpriseAttacks|gentleman-gen4|\n|player|p2|PixelDupe1|palmer|\n|teamsize|p1|6\n|teamsize|p2|6\n|gen|9\n|tier|[Gen 9] VGC 2023 Regulation C\n|rated|Tournament battle\n|rule|Species Clause: Limit one of each Pok\u00e9mon\n|rule|Item Clause: Limit one of each item\n|clearpoke\n|poke|p1|Baxcalibur, L50, M|\n|poke|p1|Brute Bonnet, L50|\n|poke|p1|Gyarados, L50, M|\n|poke|p1|Flutter Mane, L50|\n|poke|p1|Rotom-Heat, L50|\n|poke|p1|Garganacl, L50, F|\n|poke|p2|Murkrow, L50, M|\n|poke|p2|Baxcalibur, L50, F|\n|poke|p2|Flutter Mane, L50|\n|poke|p2|Ting-Lu, L50|\n|poke|p2|Arcanine, L50, F|\n|poke|p2|Palafin, L50, M|\n|teampreview|4\nPixelDupe1 has agreed to open team sheets.\nSurpriseAttacks has agreed to open team sheets.\n|\n|t:|1683111586\n|start\n|switch|p1a: Gyarados|Gyarados, L50, M|100\/100\n|switch|p1b: Flutter Mane|Flutter Mane, L50|100\/100\n|switch|p2a: Fineas|Palafin, L50, M|100\/100\n|switch|p2b: Mafia|Murkrow, L50, M|100\/100\n|-ability|p1a: Gyarados|Intimidate|boost\n|-unboost|p2a: Fineas|atk|1\n|-unboost|p2b: Mafia|atk|1\n|-enditem|p1b: Flutter Mane|Booster Energy\n|-activate|p1b: Flutter Mane|ability: Protosynthesis|[fromitem]\n|-start|p1b: Flutter Mane|protosynthesisspa\n|turn|1\n|j| fyfyy\n|\n|t:|1683111622\n|detailschange|p2a: Fineas|Palafin-Hero, L50, M\n|switch|p2a: Mischief|Flutter Mane, L50|100\/100\n|-enditem|p2a: Mischief|Booster Energy\n|-activate|p2a: Mischief|ability: Protosynthesis|[fromitem]\n|-start|p2a: Mischief|protosynthesisspa\n|move|p2b: Mafia|Taunt|p1a: Gyarados\n|-start|p1a: Gyarados|move: Taunt\n|move|p1b: Flutter Mane|Moonblast|p2b: Mafia\n|-supereffective|p2b: Mafia\n|-damage|p2b: Mafia|0 fnt\n|faint|p2b: Mafia\n|cant|p1a: Gyarados|move: Taunt|Thunder Wave\n|\n|upkeep\n|\n|t:|1683111637\n|switch|p2b: Fineas|Palafin-Hero, L50, M|100\/100\n|-activate|p2b: Fineas|ability: Zero to Hero\n|turn|2\n|\n|t:|1683111653\n|-terastallize|p2a: Mischief|Fairy\n|move|p1b: Flutter Mane|Protect|p1b: Flutter Mane\n|-singleturn|p1b: Flutter Mane|Protect\n|move|p2a: Mischief|Dazzling Gleam|p1a: Gyarados|[spread] p1a\n|-activate|p1b: Flutter Mane|move: Protect\n|-damage|p1a: Gyarados|53\/100\n|move|p2b: Fineas|Wave Crash|p1a: Gyarados\n|-resisted|p1a: Gyarados\n|-damage|p1a: Gyarados|0 fnt\n|faint|p1a: Gyarados\n|-damage|p2b: Fineas|83\/100|[from] Recoil\n|\n|upkeep\n|j| winnie1906\n|\n|t:|1683111672\n|switch|p1a: Baxcalibur|Baxcalibur, L50, M|100\/100\n|turn|3\n|\n|t:|1683111690\n|-terastallize|p1a: Baxcalibur|Water\n|move|p1b: Flutter Mane|Moonblast|p2a: Mischief\n|-damage|p2a: Mischief|39\/100\n|move|p2a: Mischief|Moonblast|p1a: Baxcalibur\n|-crit|p1a: Baxcalibur\n|-damage|p1a: Baxcalibur|0 fnt\n|faint|p1a: Baxcalibur\n|move|p2b: Fineas|Wave Crash|p1b: Flutter Mane\n|-damage|p1b: Flutter Mane|0 fnt\n|faint|p1b: Flutter Mane\n|-end|p1b: Flutter Mane|Protosynthesis|[silent]\n|-damage|p2b: Fineas|62\/100|[from] Recoil\n|\n|upkeep\n|-message|SurpriseAttacks forfeited.\n|\n|win|PixelDupe1\n|n|\u2606SurpriseAttacks|surpriseattacks\n|n|\u2606PixelDupe1|pixeldupe1\n|n| fyfyy|fyfyy\n|n| winnie1906|winnie1906\n|l| winnie1906\n|l|\u2606PixelDupe1\n|l|\u2606SurpriseAttacks\n|j|\u2606PixelDupe1\n|player|p2|PixelDupe1|palmer\n|l|\u2606PixelDupe1\n|player|p2|\n|j|\u2606SurpriseAttacks\n|player|p1|SurpriseAttacks|gentleman-gen4\n","uploadtime":1683111835,"views":8,"p1id":"surpriseattacks","p2id":"pixeldupe1","formatid":"gen9vgc2023regulationc","rating":0,"private":0,"password":""}