{"id":"gen9vgc2023regulationc-1863754515","p1":"lonoVGC","p2":"BienMrd","format":"[Gen 9] VGC 2023 Regulation C","log":"|j|\u2606lonoVGC\n|j|\u2606BienMrd\n|t:|1684072355\n|gametype|doubles\n|player|p1|lonoVGC|dawn-gen4pt|1349\n|player|p2|BienMrd|1|1370\n|teamsize|p1|6\n|teamsize|p2|6\n|gen|9\n|tier|[Gen 9] VGC 2023 Regulation C\n|rated|\n|rule|Species Clause: Limit one of each Pok\u00e9mon\n|rule|Item Clause: Limit one of each item\n|clearpoke\n|poke|p1|Flutter Mane, L50|\n|poke|p1|Chi-Yu, L50|\n|poke|p1|Roaring Moon, L50|\n|poke|p1|Jumpluff, L50, M|\n|poke|p1|Wo-Chien, L50|\n|poke|p1|Torkoal, L50, M|\n|poke|p2|Dragonite, L50, M|\n|poke|p2|Amoonguss, L50, M|\n|poke|p2|Kilowattrel, L50, F|\n|poke|p2|Arcanine, L50, F|\n|poke|p2|Palafin, L50, M|\n|poke|p2|Chien-Pao, L50|\n|teampreview|4\n|inactive|Battle timer is ON: inactive players will automatically lose when time's up. (requested by BienMrd)\n|inactive|lonoVGC has 60 seconds left.\n|inactive|BienMrd has 60 seconds left.\n|\n|t:|1684072411\n|start\n|switch|p1a: Flutter Mane|Flutter Mane, L50|100\/100\n|switch|p1b: Wo-Chien|Wo-Chien, L50|100\/100\n|switch|p2a: Kilowattrel|Kilowattrel, L50, F|100\/100\n|switch|p2b: Dragonite|Dragonite, L50, M|100\/100\n|-ability|p1b: Wo-Chien|Tablets of Ruin\n|turn|1\n|\n|t:|1684072425\n|-terastallize|p2b: Dragonite|Normal\n|move|p2a: Kilowattrel|Tailwind|p2a: Kilowattrel\n|-sidestart|p2: BienMrd|move: Tailwind\n|-start|p2a: Kilowattrel|Charge|Tailwind|[from] ability: Wind Power\n|move|p2b: Dragonite|Iron Head|p1a: Flutter Mane\n|-supereffective|p1a: Flutter Mane\n|-damage|p1a: Flutter Mane|26\/100\n|move|p1b: Wo-Chien|Leaf Storm|p2b: Dragonite\n|-damage|p2b: Dragonite|43\/100\n|-unboost|p1b: Wo-Chien|spa|2\n|-enditem|p1b: Wo-Chien|Eject Pack\n|\n|t:|1684072439\n|switch|p1b: Torkoal|Torkoal, L50, M|100\/100\n|-weather|SunnyDay|[from] ability: Drought|[of] p1b: Torkoal\n|-activate|p1a: Flutter Mane|ability: Protosynthesis\n|-start|p1a: Flutter Mane|protosynthesisspa\n|move|p1a: Flutter Mane|Trick Room|p1a: Flutter Mane\n|-fieldstart|move: Trick Room|[of] p1a: Flutter Mane\n|\n|-weather|SunnyDay|[upkeep]\n|upkeep\n|turn|2\n|\n|t:|1684072457\n|switch|p2b: Arcanine|Arcanine, L50, F|100\/100\n|-ability|p2b: Arcanine|Intimidate|boost\n|-unboost|p1a: Flutter Mane|atk|1\n|-unboost|p1b: Torkoal|atk|1\n|move|p1b: Torkoal|Eruption|p2a: Kilowattrel|[spread] p2a,p2b\n|-resisted|p2b: Arcanine\n|-enditem|p2a: Kilowattrel|Focus Sash\n|-damage|p2a: Kilowattrel|1\/100\n|-damage|p2b: Arcanine|43\/100\n|move|p1a: Flutter Mane|Dazzling Gleam|p2b: Arcanine|[spread] p2a,p2b\n|-crit|p2a: Kilowattrel\n|-resisted|p2b: Arcanine\n|-damage|p2a: Kilowattrel|0 fnt\n|-damage|p2b: Arcanine|25\/100\n|faint|p2a: Kilowattrel\n|\n|-weather|SunnyDay|[upkeep]\n|upkeep\n|\n|t:|1684072476\n|switch|p2a: Dragonite|Dragonite, L50, M, tera:Normal|43\/100\n|turn|3\n|l|\u2606lonoVGC\n|inactive|lonoVGC disconnected and has a minute to reconnect!\n|player|p1|\n|inactive|lonoVGC has 30 seconds left.\n|inactive|lonoVGC has 20 seconds left.\n|inactive|lonoVGC has 15 seconds left.\n|inactive|lonoVGC has 10 seconds left.\n|inactive|lonoVGC has 5 seconds left.\n|-message|lonoVGC lost due to inactivity.\n|\n|win|BienMrd\n|raw|lonoVGC's rating: 1349 → 1330<\/strong> (-19 for losing)\n|raw|BienMrd's rating: 1370 → 1389<\/strong> (+19 for winning)\n","uploadtime":1684072544,"views":15,"p1id":"lonovgc","p2id":"bienmrd","formatid":"gen9vgc2023regulationc","rating":1330,"private":0,"password":""}