{"id":"gen9vgc2023regulationc-1847658889","p1":"JiangTang","p2":"BlindMagneton","format":"[Gen 9] VGC 2023 Regulation C","log":"|j|\u2606JiangTang\n|j|\u2606BlindMagneton\n|t:|1681988877\n|gametype|doubles\n|player|p1|JiangTang|red|1258\n|player|p2|BlindMagneton|wattson|1253\n|teamsize|p1|6\n|teamsize|p2|6\n|gen|9\n|tier|[Gen 9] VGC 2023 Regulation C\n|rated|\n|rule|Species Clause: Limit one of each Pok\u00e9mon\n|rule|Item Clause: Limit one of each item\n|clearpoke\n|poke|p1|Lycanroc-Dusk, L50, M|\n|poke|p1|Chien-Pao, L50|\n|poke|p1|Grafaiai, L50, M|\n|poke|p1|Chi-Yu, L50|\n|poke|p1|Flutter Mane, L50|\n|poke|p1|Iron Bundle, L50|\n|poke|p2|Iron Bundle, L50|\n|poke|p2|Palafin, L50, M|\n|poke|p2|Ceruledge, L50, F|\n|poke|p2|Grimmsnarl, L50, M|\n|poke|p2|Dachsbun, L50, F|\n|poke|p2|Dragapult, L50, M|\n|teampreview|4\n|inactive|Battle timer is ON: inactive players will automatically lose when time's up. (requested by JiangTang)\n|inactive|BlindMagneton has 60 seconds left.\n|\n|t:|1681988943\n|start\n|switch|p1a: Iron Bundle|Iron Bundle, L50, shiny|100\/100\n|switch|p1b: Flutter Mane|Flutter Mane, L50|100\/100\n|switch|p2a: Grimmsnarl|Grimmsnarl, L50, M|100\/100\n|switch|p2b: Dragapult|Dragapult, L50, M|100\/100\n|-enditem|p1a: Iron Bundle|Booster Energy\n|-activate|p1a: Iron Bundle|ability: Quark Drive|[fromitem]\n|-start|p1a: Iron Bundle|quarkdrivespe\n|turn|1\n|inactive|JiangTang has 30 seconds left.\n|inactive|BlindMagneton has 30 seconds left.\n|inactive|JiangTang has 20 seconds left.\n|inactive|BlindMagneton has 20 seconds left.\n|inactive|BlindMagneton has 15 seconds left.\n|\n|t:|1681988984\n|move|p2a: Grimmsnarl|Fake Out|p1a: Iron Bundle\n|-damage|p1a: Iron Bundle|82\/100\n|cant|p1a: Iron Bundle|flinch\n|move|p2b: Dragapult|Phantom Force||[still]\n|-prepare|p2b: Dragapult|Phantom Force\n|move|p1b: Flutter Mane|Dazzling Gleam|p2b: Dragapult|[spread] p2a\n|-miss|p1b: Flutter Mane|p2b: Dragapult\n|-supereffective|p2a: Grimmsnarl\n|-enditem|p2a: Grimmsnarl|Focus Sash\n|-damage|p2a: Grimmsnarl|1\/100\n|\n|upkeep\n|turn|2\n|\n|t:|1681989008\n|move|p2a: Grimmsnarl|Swagger|p1a: Iron Bundle|[miss]\n|-miss|p2a: Grimmsnarl|p1a: Iron Bundle\n|move|p1a: Iron Bundle|Freeze-Dry|p2b: Dragapult|[miss]\n|-miss|p1a: Iron Bundle|p2b: Dragapult\n|move|p2b: Dragapult|Phantom Force|p1a: Iron Bundle|[from]lockedmove\n|-damage|p1a: Iron Bundle|26\/100\n|move|p1b: Flutter Mane|Dazzling Gleam|p2b: Dragapult|[spread] p2a,p2b\n|-supereffective|p2a: Grimmsnarl\n|-supereffective|p2b: Dragapult\n|-damage|p2a: Grimmsnarl|0 fnt\n|-damage|p2b: Dragapult|0 fnt\n|faint|p2a: Grimmsnarl\n|faint|p2b: Dragapult\n|\n|upkeep\n|\n|t:|1681989023\n|switch|p2b: Dachsbun|Dachsbun, L50, F|100\/100\n|switch|p2a: Palafin|Palafin, L50, M|100\/100\n|turn|3\n|-message|BlindMagneton forfeited.\n|\n|win|JiangTang\n|raw|JiangTang's rating: 1258 → 1283<\/strong> (+25 for winning)\n|raw|BlindMagneton's rating: 1253 → 1228<\/strong> (-25 for losing)\n|l|\u2606BlindMagneton\n","uploadtime":1681989041,"views":11,"p1id":"jiangtang","p2id":"blindmagneton","formatid":"gen9vgc2023regulationc","rating":1228,"private":0,"password":""}