{"id":"gen9vgc2023regulationc-1862904318","p1":"Flipsicle","p2":"toglez","format":"[Gen 9] VGC 2023 Regulation C","log":"|j|\u2606Flipsicle\n|j|\u2606toglez\n|t:|1683936323\n|gametype|doubles\n|player|p1|Flipsicle|elesa-masters|\n|player|p2|toglez|2|\n|teamsize|p1|6\n|teamsize|p2|6\n|gen|9\n|tier|[Gen 9] VGC 2023 Regulation C\n|rule|Species Clause: Limit one of each Pok\u00e9mon\n|rule|Item Clause: Limit one of each item\n|clearpoke\n|poke|p1|Flutter Mane, L50|\n|poke|p1|Great Tusk, L50|\n|poke|p1|Iron Bundle, L50|\n|poke|p1|Dragonite, L50, M|\n|poke|p1|Kingambit, L50, F|\n|poke|p1|Abomasnow, L50, M|\n|poke|p2|Garganacl, L50, M|\n|poke|p2|Iron Bundle, L50|\n|poke|p2|Arcanine, L50, M|\n|poke|p2|Ting-Lu, L50|\n|poke|p2|Roaring Moon, L50|\n|poke|p2|Amoonguss, L50, M|\n|teampreview|4\n|inactive|Battle timer is ON: inactive players will automatically lose when time's up. (requested by toglez)\ntoglez has agreed to open team sheets.\n|inactiveoff|Battle timer is now OFF.\n|c|\u2606Flipsicle|g2\nFlipsicle has agreed to open team sheets.\n|inactive|Battle timer is ON: inactive players will automatically lose when time's up. (requested by toglez)\n|c|\u2606Flipsicle|glhf\n|inactive|toglez has 30 seconds left.\n|inactive|toglez has 20 seconds left.\n|inactive|toglez has 15 seconds left.\n|inactive|toglez has 10 seconds left.\n|\n|t:|1683936590\n|start\n|switch|p1a: Kingambit|Kingambit, L50, F|100\/100\n|switch|p1b: Abomasnow|Abomasnow, L50, M|100\/100\n|switch|p2a: Ting-Lu|Ting-Lu, L50|100\/100\n|switch|p2b: Iron Bundle|Iron Bundle, L50|100\/100\n|-weather|Snow|[from] ability: Snow Warning|[of] p1b: Abomasnow\n|-ability|p2a: Ting-Lu|Vessel of Ruin\n|turn|1\n|inactive|Flipsicle has 30 seconds left.\n|inactive|toglez has 30 seconds left.\n|\n|t:|1683936623\n|move|p2b: Iron Bundle|Protect|p2b: Iron Bundle\n|-singleturn|p2b: Iron Bundle|Protect\n|move|p1b: Abomasnow|Leaf Storm|p2b: Iron Bundle\n|-activate|p2b: Iron Bundle|move: Protect\n|move|p1a: Kingambit|Low Kick|p2a: Ting-Lu\n|-supereffective|p2a: Ting-Lu\n|-damage|p2a: Ting-Lu|47\/100\n|move|p2a: Ting-Lu|Stomping Tantrum|p1a: Kingambit\n|-supereffective|p1a: Kingambit\n|-damage|p1a: Kingambit|50\/100\n|\n|-weather|Snow|[upkeep]\n|upkeep\n|turn|2\n|inactive|toglez has 30 seconds left.\n|\n|t:|1683936653\n|-end|p2b: Iron Bundle|Quark Drive|[silent]\n|switch|p2b: Garganacl|Garganacl, L50, M|100\/100\n|-terastallize|p2a: Ting-Lu|Water\n|move|p1b: Abomasnow|Leaf Storm|p2b: Garganacl\n|-supereffective|p2b: Garganacl\n|-damage|p2b: Garganacl|38\/100\n|-unboost|p1b: Abomasnow|spa|2\n|move|p1a: Kingambit|Low Kick|p2a: Ting-Lu\n|-damage|p2a: Ting-Lu|20\/100\n|move|p2a: Ting-Lu|Stomping Tantrum|p1a: Kingambit\n|-supereffective|p1a: Kingambit\n|-damage|p1a: Kingambit|0 fnt\n|faint|p1a: Kingambit\n|\n|-weather|Snow|[upkeep]\n|-heal|p2b: Garganacl|44\/100|[from] item: Leftovers\n|upkeep\n|\n|t:|1683936672\n|switch|p1a: Iron Bundle|Iron Bundle, L50|100\/100\n|turn|3\n|\n|t:|1683936687\n|switch|p2a: Iron Bundle|Iron Bundle, L50|100\/100\n|-terastallize|p1a: Iron Bundle|Ice\n|move|p1a: Iron Bundle|Blizzard|p2a: Iron Bundle|[spread] p2a,p2b\n|-resisted|p2a: Iron Bundle\n|-damage|p2a: Iron Bundle|60\/100\n|-damage|p2b: Garganacl|0 fnt\n|faint|p2b: Garganacl\n|move|p1b: Abomasnow|Aurora Veil|p1b: Abomasnow\n|-sidestart|p1: Flipsicle|move: Aurora Veil\n|\n|-weather|Snow|[upkeep]\n|upkeep\n|inactive|toglez has 30 seconds left.\n|inactive|toglez has 20 seconds left.\n|inactive|toglez has 15 seconds left.\n|c|\u2606toglez|pff when i try this teams cannot make it work but youre doing great\n|inactive|toglez has 10 seconds left.\n|-message|toglez forfeited.\n|\n|win|Flipsicle\n|c|\u2606Flipsicle|ggwp\n|c|\u2606Flipsicle|and yeah\n|c|\u2606Flipsicle|i wasnt liking this team at the start either\n|c|\u2606Flipsicle|but its doing ok now\n|c|\u2606toglez|this is nick navarre snow, isnt it?\n|c|\u2606Flipsicle|yup\n|c|\u2606Flipsicle|your team was cool\n|c|\u2606Flipsicle|did you build it?\n|c|\u2606toglez|it was opressive but when i pilot it just dont know how\n|c|\u2606Flipsicle|yea\n|c|\u2606Flipsicle|i think his dnite set is really bad fwiw\n|c|\u2606Flipsicle|so i shouldve changed that\n|c|\u2606Flipsicle|but yeah\n|c|\u2606Flipsicle|good luck for the rest of the tour!\n","uploadtime":1683936852,"views":8,"p1id":"flipsicle","p2id":"toglez","formatid":"gen9vgc2023regulationc","rating":0,"private":0,"password":""}