{"id":"gen9vgc2023regulationc-1848827549","p1":"Even Greener Grass","p2":"Shawnbd3","format":"[Gen 9] VGC 2023 Regulation C","log":"|j|\u2606Even Greener Grass\n|j|\u2606Shawnbd3\n|t:|1682114731\n|gametype|doubles\n|player|p1|Even Greener Grass|kahili|1032\n|player|p2|Shawnbd3|170|1000\n|teamsize|p1|6\n|teamsize|p2|6\n|gen|9\n|tier|[Gen 9] VGC 2023 Regulation C\n|rated|\n|rule|Species Clause: Limit one of each Pok\u00e9mon\n|rule|Item Clause: Limit one of each item\n|clearpoke\n|poke|p1|Torkoal, L50, F|\n|poke|p1|Chi-Yu, L50|\n|poke|p1|Slither Wing, L50|\n|poke|p1|Brute Bonnet, L50|\n|poke|p1|Arcanine, L50, F|\n|poke|p1|Flutter Mane, L50|\n|poke|p2|Chien-Pao, L50|\n|poke|p2|Torkoal, L50, M|\n|poke|p2|Jumpluff, L50, F|\n|poke|p2|Flutter Mane, L50|\n|poke|p2|Gyarados, L50, M|\n|poke|p2|Farigiraf, L50, M|\n|teampreview|4\n|inactive|Battle timer is ON: inactive players will automatically lose when time's up. (requested by Even Greener Grass)\n|c|\u2606Even Greener Grass|Good luck, have fun.\n|c|\u2606Shawnbd3|thx u2\n|inactive|Shawnbd3 has 60 seconds left.\nEven Greener Grass rejected open team sheets.\n|\n|t:|1682114784\n|start\n|switch|p1a: DEMI-GOD|Flutter Mane, L50|100\/100\n|switch|p1b: Beverly|Chi-Yu, L50|100\/100\n|switch|p2a: Torkoal|Torkoal, L50, M|100\/100\n|switch|p2b: Jumpluff|Jumpluff, L50, F|100\/100\n|-ability|p1b: Beverly|Beads of Ruin\n|-weather|SunnyDay|[from] ability: Drought|[of] p2a: Torkoal\n|-activate|p1a: DEMI-GOD|ability: Protosynthesis\n|-start|p1a: DEMI-GOD|protosynthesisspa\n|turn|1\n|inactive|Shawnbd3 has 30 seconds left.\n|inactive|Shawnbd3 has 20 seconds left.\n|inactive|Shawnbd3 has 15 seconds left.\n|\n|t:|1682114826\n|move|p2b: Jumpluff|Tailwind|p2b: Jumpluff\n|-sidestart|p2: Shawnbd3|move: Tailwind\n|move|p1a: DEMI-GOD|Shadow Ball|p2a: Torkoal\n|-damage|p2a: Torkoal|28\/100\n|move|p1b: Beverly|Heat Wave|p2a: Torkoal|[spread] p2a,p2b\n|-resisted|p2a: Torkoal\n|-supereffective|p2b: Jumpluff\n|-damage|p2a: Torkoal|0 fnt\n|-damage|p2b: Jumpluff|0 fnt\n|faint|p2a: Torkoal\n|faint|p2b: Jumpluff\n|\n|-weather|SunnyDay|[upkeep]\n|upkeep\n|\n|t:|1682114836\n|switch|p2b: Chien-Pao|Chien-Pao, L50|100\/100\n|switch|p2a: Flutter Mane|Flutter Mane, L50|100\/100\n|-ability|p2b: Chien-Pao|Sword of Ruin\n|-activate|p2a: Flutter Mane|ability: Protosynthesis\n|-start|p2a: Flutter Mane|protosynthesisspe\n|turn|2\n|inactive|Shawnbd3 has 30 seconds left.\n|-message|Shawnbd3 forfeited.\n|\n|win|Even Greener Grass\n|raw|Even Greener Grass's rating: 1032 → 1064<\/strong> (+32 for winning)\n|raw|Shawnbd3's rating: 1000 → 1000<\/strong> (+0 for losing)\n|l|\u2606Shawnbd3\n","uploadtime":1682114868,"views":6,"p1id":"evengreenergrass","p2id":"shawnbd3","formatid":"gen9vgc2023regulationc","rating":1000,"private":0,"password":""}