{"id":"gen9vgc2023regulationc-1857644205","p1":"Roblobsta823","p2":"TheRedRaion","format":"[Gen 9] VGC 2023 Regulation C","log":"|j|\u2606Roblobsta823\n|j|\u2606TheRedRaion\n|t:|1683217394\n|gametype|doubles\n|player|p1|Roblobsta823|firebreather|1082\n|player|p2|TheRedRaion|scientist|1130\n|teamsize|p1|6\n|teamsize|p2|6\n|gen|9\n|tier|[Gen 9] VGC 2023 Regulation C\n|rated|\n|rule|Species Clause: Limit one of each Pok\u00e9mon\n|rule|Item Clause: Limit one of each item\n|clearpoke\n|poke|p1|Chien-Pao, L50|\n|poke|p1|Chi-Yu, L50|\n|poke|p1|Flutter Mane, L50|\n|poke|p1|Scizor, L50, M|\n|poke|p1|Talonflame, L50, M|\n|poke|p1|Great Tusk, L50|\n|poke|p2|Indeedee-F, L50, F|\n|poke|p2|Flutter Mane, L50|\n|poke|p2|Tyranitar, L50, M|\n|poke|p2|Salamence, L50, F|\n|poke|p2|Chi-Yu, L50|\n|poke|p2|Gyarados, L50, M|\n|teampreview|4\n|inactive|Battle timer is ON: inactive players will automatically lose when time's up. (requested by TheRedRaion)\n|\n|t:|1683217426\n|start\n|switch|p1a: Scizor|Scizor, L50, M, shiny|100\/100\n|switch|p1b: Chien-Pao|Chien-Pao, L50|100\/100\n|switch|p2a: Indeedee|Indeedee-F, L50, F|100\/100\n|switch|p2b: Chi-Yu|Chi-Yu, L50|100\/100\n|-ability|p1b: Chien-Pao|Sword of Ruin\n|-ability|p2b: Chi-Yu|Beads of Ruin\n|-fieldstart|move: Psychic Terrain|[from] ability: Psychic Surge|[of] p2a: Indeedee\n|-enditem|p2a: Indeedee|Psychic Seed\n|-boost|p2a: Indeedee|spd|1|[from] item: Psychic Seed\n|turn|1\n|\n|t:|1683217446\n|-terastallize|p1b: Chien-Pao|Dark\n|move|p2a: Indeedee|Follow Me|p2a: Indeedee\n|-singleturn|p2a: Indeedee|move: Follow Me\n|move|p1b: Chien-Pao|Ice Spinner|p2a: Indeedee\n|-damage|p2a: Indeedee|49\/100\n|-fieldend|move: Psychic Terrain\n|move|p2b: Chi-Yu|Nasty Plot|p2b: Chi-Yu\n|-boost|p2b: Chi-Yu|spa|2\n|move|p1a: Scizor|U-turn|p2a: Indeedee\n|-supereffective|p2a: Indeedee\n|-damage|p2a: Indeedee|0 fnt\n|faint|p2a: Indeedee\n|\n|t:|1683217461\n|switch|p1a: Flutter Mane|Flutter Mane, L50, shiny|100\/100|[from] U-turn\n|-enditem|p1a: Flutter Mane|Booster Energy\n|-activate|p1a: Flutter Mane|ability: Protosynthesis|[fromitem]\n|-start|p1a: Flutter Mane|protosynthesisspa\n|\n|upkeep\n|\n|t:|1683217471\n|switch|p2a: Tyranitar|Tyranitar, L50, M|100\/100\n|-weather|Sandstorm|[from] ability: Sand Stream|[of] p2a: Tyranitar\n|turn|2\n|\n|t:|1683217491\n|-terastallize|p2b: Chi-Yu|Water\n|move|p1b: Chien-Pao|Sucker Punch|p2b: Chi-Yu\n|-damage|p2b: Chi-Yu|31\/100\n|move|p1a: Flutter Mane|Dazzling Gleam|p2a: Tyranitar|[spread] p2a,p2b\n|-supereffective|p2a: Tyranitar\n|-crit|p2a: Tyranitar\n|-damage|p2a: Tyranitar|23\/100\n|-damage|p2b: Chi-Yu|0 fnt\n|faint|p2b: Chi-Yu\n|move|p2a: Tyranitar|Rock Slide|p1a: Flutter Mane|[spread] p1a,p1b\n|-damage|p1a: Flutter Mane|0 fnt\n|-damage|p1b: Chien-Pao|52\/100\n|faint|p1a: Flutter Mane\n|-end|p1a: Flutter Mane|Protosynthesis|[silent]\n|\n|-weather|Sandstorm|[upkeep]\n|-damage|p1b: Chien-Pao|46\/100|[from] Sandstorm\n|upkeep\n|c|\u2606Roblobsta823|PUNCH\n|\n|t:|1683217507\n|switch|p1a: Scizor|Scizor, L50, M, shiny|100\/100\n|switch|p2b: Flutter Mane|Flutter Mane, L50|100\/100\n|-enditem|p2b: Flutter Mane|Booster Energy\n|-activate|p2b: Flutter Mane|ability: Protosynthesis|[fromitem]\n|-start|p2b: Flutter Mane|protosynthesisspe\n|turn|3\n|\n|t:|1683217520\n|move|p1b: Chien-Pao|Sucker Punch|p2a: Tyranitar\n|-resisted|p2a: Tyranitar\n|-damage|p2a: Tyranitar|0 fnt\n|faint|p2a: Tyranitar\n|move|p1a: Scizor|Bullet Punch|p2b: Flutter Mane\n|-supereffective|p2b: Flutter Mane\n|-damage|p2b: Flutter Mane|0 fnt\n|faint|p2b: Flutter Mane\n|-end|p2b: Flutter Mane|Protosynthesis|[silent]\n|\n|win|Roblobsta823\n|raw|Roblobsta823's rating: 1082 → 1114<\/strong> (+32 for winning)\n|raw|TheRedRaion's rating: 1130 → 1102<\/strong> (-28 for losing)\n|l|\u2606TheRedRaion\n|c|\u2606Roblobsta823|PUNCH PUNCH\n","uploadtime":1683217539,"views":18,"p1id":"roblobsta823","p2id":"theredraion","formatid":"gen9vgc2023regulationc","rating":1102,"private":0,"password":""}