{"id":"gen9vgc2023regulationc-1845098091","p1":"ZacianLoveMe","p2":"KanedaX0","format":"[Gen 9] VGC 2023 Regulation C","log":"|j|\u2606ZacianLoveMe\n|j|\u2606KanedaX0\n|t:|1681683287\n|gametype|doubles\n|player|p1|ZacianLoveMe|170|1217\n|player|p2|KanedaX0|shadowtriad|1267\n|teamsize|p1|6\n|teamsize|p2|6\n|gen|9\n|tier|[Gen 9] VGC 2023 Regulation C\n|rated|\n|rule|Species Clause: Limit one of each Pok\u00e9mon\n|rule|Item Clause: Limit one of each item\n|clearpoke\n|poke|p1|Garchomp, L50, F|\n|poke|p1|Corviknight, L50, M|\n|poke|p1|Flutter Mane, L50|\n|poke|p1|Iron Bundle, L50|\n|poke|p1|Chi-Yu, L50|\n|poke|p1|Brute Bonnet, L50|\n|poke|p2|Annihilape, L50, M|\n|poke|p2|Maushold, L50|\n|poke|p2|Iron Bundle, L50|\n|poke|p2|Ting-Lu, L50|\n|poke|p2|Great Tusk, L50|\n|poke|p2|Flutter Mane, L50|\n|teampreview|4\n|inactive|Battle timer is ON: inactive players will automatically lose when time's up. (requested by KanedaX0)\nKanedaX0 rejected open team sheets.\n|inactive|ZacianLoveMe has 60 seconds left.\n|\n|t:|1681683348\n|start\n|switch|p1a: Flutter Mane|Flutter Mane, L50, shiny|100\/100\n|switch|p1b: Corviknight|Corviknight, L50, M|100\/100\n|switch|p2a: Iron Bundle|Iron Bundle, L50|100\/100\n|switch|p2b: Flutter Mane|Flutter Mane, L50|100\/100\n|-enditem|p2a: Iron Bundle|Booster Energy\n|-activate|p2a: Iron Bundle|ability: Quark Drive|[fromitem]\n|-start|p2a: Iron Bundle|quarkdrivespe\n|turn|1\n|\n|t:|1681683373\n|-terastallize|p1a: Flutter Mane|Water\n|move|p2a: Iron Bundle|Icy Wind|p1b: Corviknight|[spread] p1a,p1b\n|-resisted|p1a: Flutter Mane\n|-damage|p1a: Flutter Mane|90\/100\n|-damage|p1b: Corviknight|81\/100\n|-unboost|p1a: Flutter Mane|spe|1\n|-ability|p1b: Corviknight|Mirror Armor\n|-unboost|p2a: Iron Bundle|spe|1\n|move|p2b: Flutter Mane|Shadow Ball|p1b: Corviknight\n|-damage|p1b: Corviknight|24\/100\n|-damage|p2b: Flutter Mane|91\/100|[from] item: Life Orb\n|move|p1a: Flutter Mane|Dazzling Gleam|p2b: Flutter Mane|[spread] p2a,p2b\n|-damage|p2a: Iron Bundle|0 fnt\n|-damage|p2b: Flutter Mane|47\/100\n|faint|p2a: Iron Bundle\n|-end|p2a: Iron Bundle|Quark Drive|[silent]\n|move|p1b: Corviknight|Tailwind|p1b: Corviknight\n|-sidestart|p1: ZacianLoveMe|move: Tailwind\n|\n|upkeep\n|\n|t:|1681683394\n|switch|p2a: Great Tusk|Great Tusk, L50|100\/100\n|turn|2\n|\n|t:|1681683405\n|move|p1a: Flutter Mane|Dazzling Gleam|p2a: Great Tusk|[spread] p2a,p2b\n|-supereffective|p2a: Great Tusk\n|-enditem|p2a: Great Tusk|Focus Sash\n|-damage|p2a: Great Tusk|1\/100\n|-damage|p2b: Flutter Mane|5\/100\n|move|p1b: Corviknight|Roost|p1b: Corviknight\n|-heal|p1b: Corviknight|74\/100\n|-singleturn|p1b: Corviknight|move: Roost\n|move|p2b: Flutter Mane|Dazzling Gleam|p1a: Flutter Mane|[spread] p1a,p1b\n|-resisted|p1b: Corviknight\n|-damage|p1a: Flutter Mane|45\/100\n|-damage|p1b: Corviknight|53\/100\n|-damage|p2b: Flutter Mane|0 fnt|[from] item: Life Orb\n|faint|p2b: Flutter Mane\n|-end|p2b: Flutter Mane|Protosynthesis|[silent]\n|move|p2a: Great Tusk|Close Combat|p1a: Flutter Mane\n|-damage|p1a: Flutter Mane|0 fnt\n|-unboost|p2a: Great Tusk|def|1\n|-unboost|p2a: Great Tusk|spd|1\n|faint|p1a: Flutter Mane\n|-end|p1a: Flutter Mane|Protosynthesis|[silent]\n|\n|upkeep\n|-message|KanedaX0 forfeited.\n|\n|win|ZacianLoveMe\n|raw|ZacianLoveMe's rating: 1217 → 1246<\/strong> (+29 for winning)\n|raw|KanedaX0's rating: 1267 → 1238<\/strong> (-29 for losing)\n|l|\u2606KanedaX0\n","uploadtime":1681683427,"views":6,"p1id":"zacianloveme","p2id":"kanedax0","formatid":"gen9vgc2023regulationc","rating":1238,"private":0,"password":""}