{"id":"gen9vgc2023regulationc-1851175483","p1":"Rarity1987","p2":"gorilnx","format":"[Gen 9] VGC 2023 Regulation C","log":"|j|\u2606Rarity1987\n|j|\u2606gorilnx\n|t:|1682421096\n|gametype|doubles\n|player|p1|Rarity1987|clair|1264\n|player|p2|gorilnx|dawn-gen4pt|1176\n|teamsize|p1|6\n|teamsize|p2|6\n|gen|9\n|tier|[Gen 9] VGC 2023 Regulation C\n|rated|\n|rule|Species Clause: Limit one of each Pok\u00e9mon\n|rule|Item Clause: Limit one of each item\n|clearpoke\n|poke|p1|Glimmora, L50, F|\n|poke|p1|Dondozo, L50, M|\n|poke|p1|Wo-Chien, L50|\n|poke|p1|Flutter Mane, L50|\n|poke|p1|Sylveon, L50, F|\n|poke|p1|Tatsugiri, L50, M|\n|poke|p2|Abomasnow, L50, M|\n|poke|p2|Iron Bundle, L50|\n|poke|p2|Vivillon-Fancy, L50, F|\n|poke|p2|Ting-Lu, L50|\n|poke|p2|Annihilape, L50, M|\n|poke|p2|Chien-Pao, L50|\n|teampreview|4\n|inactive|Battle timer is ON: inactive players will automatically lose when time's up. (requested by Rarity1987)\n|l|\u2606Rarity1987\n|inactive|Rarity1987 disconnected and has a minute to reconnect!\n|player|p1|\n|\n|t:|1682421127\n|start\n|switch|p1a: Germe Haine|Glimmora, L50, F, shiny|100\/100\n|switch|p1b: Isoruko|Tatsugiri, L50, M, shiny|100\/100\n|switch|p2a: Vivillon|Vivillon-Fancy, L50, F|100\/100\n|switch|p2b: Ting-Lu|Ting-Lu, L50|100\/100\n|-ability|p2b: Ting-Lu|Vessel of Ruin\n|turn|1\n|j|\u2606Rarity1987\n|inactive|Rarity1987 reconnected and has 55 seconds left.\n|player|p1|Rarity1987|clair\n|\n|t:|1682421137\n|move|p2a: Vivillon|Safeguard|p2a: Vivillon\n|-sidestart|p2: gorilnx|Safeguard\n|move|p1b: Isoruko|Taunt|p2a: Vivillon\n|-start|p2a: Vivillon|move: Taunt\n|move|p1a: Germe Haine|Mortal Spin|p2b: Ting-Lu|[spread] p2a,p2b\n|-resisted|p2b: Ting-Lu\n|-damage|p2a: Vivillon|93\/100\n|-damage|p2b: Ting-Lu|99\/100\n|move|p2b: Ting-Lu|Earthquake|p1a: Germe Haine|[spread] p1a,p1b\n|-immune|p2a: Vivillon\n|-supereffective|p1a: Germe Haine\n|-damage|p1a: Germe Haine|0 fnt\n|-enditem|p1b: Isoruko|Focus Sash\n|-damage|p1b: Isoruko|1\/100\n|-activate|p1a: Germe Haine|ability: Toxic Debris\n|-sidestart|p2: gorilnx|move: Toxic Spikes\n|faint|p1a: Germe Haine\n|\n|upkeep\n|\n|t:|1682421158\n|switch|p1a: Paillette|Sylveon, L50, F, shiny|100\/100\n|turn|2\n|\n|t:|1682421175\n|move|p2a: Vivillon|Pollen Puff|p1b: Isoruko\n|-damage|p1b: Isoruko|0 fnt\n|faint|p1b: Isoruko\n|move|p1a: Paillette|Hyper Voice|p2a: Vivillon|[spread] p2a,p2b\n|-supereffective|p2b: Ting-Lu\n|-damage|p2a: Vivillon|44\/100\n|-damage|p2b: Ting-Lu|68\/100\n|-enditem|p1a: Paillette|Throat Spray\n|-boost|p1a: Paillette|spa|1|[from] item: Throat Spray\n|move|p2b: Ting-Lu|Earthquake|p1a: Paillette|[spread] p1a\n|-immune|p2a: Vivillon\n|-crit|p1a: Paillette\n|-damage|p1a: Paillette|22\/100\n|\n|upkeep\n|\n|t:|1682421189\n|switch|p1b: Flutter Mane|Flutter Mane, L50|100\/100\n|-enditem|p1b: Flutter Mane|Booster Energy\n|-activate|p1b: Flutter Mane|ability: Protosynthesis|[fromitem]\n|-start|p1b: Flutter Mane|protosynthesisspe\n|turn|3\n|\n|t:|1682421207\n|move|p1b: Flutter Mane|Moonblast|p2b: Ting-Lu\n|-supereffective|p2b: Ting-Lu\n|-damage|p2b: Ting-Lu|22\/100\n|-unboost|p2b: Ting-Lu|spa|1\n|move|p2a: Vivillon|Pollen Puff|p2b: Ting-Lu\n|-heal|p2b: Ting-Lu|72\/100\n|move|p1a: Paillette|Hyper Voice|p2a: Vivillon|[spread] p2a,p2b\n|-supereffective|p2b: Ting-Lu\n|-damage|p2a: Vivillon|0 fnt\n|-damage|p2b: Ting-Lu|23\/100\n|faint|p2a: Vivillon\n|move|p2b: Ting-Lu|Earthquake|p1b: Flutter Mane|[spread] p1a,p1b\n|-damage|p1a: Paillette|0 fnt\n|-damage|p1b: Flutter Mane|0 fnt\n|faint|p1a: Paillette\n|faint|p1b: Flutter Mane\n|-end|p1b: Flutter Mane|Protosynthesis|[silent]\n|\n|win|gorilnx\n|raw|Rarity1987's rating: 1264 → 1233<\/strong> (-31 for losing)\n|raw|gorilnx's rating: 1176 → 1207<\/strong> (+31 for winning)\n|l|\u2606Rarity1987\n","uploadtime":1682421225,"views":7,"p1id":"rarity1987","p2id":"gorilnx","formatid":"gen9vgc2023regulationc","rating":1207,"private":0,"password":""}