{"id":"gen9vgc2023regulationc-1862991869","p1":"NutritiousLemon","p2":"AermanReid","format":"[Gen 9] VGC 2023 Regulation C","log":"|j|\u2606NutritiousLemon\n|j|\u2606AermanReid\n|t:|1683948835\n|gametype|doubles\n|player|p1|NutritiousLemon|101|\n|player|p2|AermanReid|blue|\n|teamsize|p1|6\n|teamsize|p2|6\n|gen|9\n|tier|[Gen 9] VGC 2023 Regulation C\n|rated|Tournament battle\n|rule|Species Clause: Limit one of each Pok\u00e9mon\n|rule|Item Clause: Limit one of each item\n|clearpoke\n|poke|p1|Wo-Chien, L50|\n|poke|p1|Garganacl, L50, M|\n|poke|p1|Flutter Mane, L50|\n|poke|p1|Tatsugiri, L50, M|\n|poke|p1|Dondozo, L50, F|\n|poke|p1|Glimmora, L50, M|\n|poke|p2|Rotom-Heat, L50|\n|poke|p2|Flutter Mane, L50|\n|poke|p2|Scizor, L50, M|\n|poke|p2|Tyranitar, L50, M|\n|poke|p2|Clawitzer, L50, F|\n|poke|p2|Farigiraf, L50, F|\n|teampreview|4\n|raw| Open Team Sheet for NutritiousLemon<\/summary>Wo-Chien @ Big Root Ability: Tablets of Ruin Level: 50 Tera Type: Poison - Pollen Puff - Leech Seed - Ruination - Protect Garganacl @ Leftovers Ability: Purifying Salt Level: 50 Tera Type: Ghost - Salt Cure - Recover - Protect - Wide Guard Flutter Mane @ Booster Energy Ability: Protosynthesis Level: 50 Tera Type: Fairy - Dazzling Gleam - Shadow Ball - Icy Wind - Protect Tatsugiri @ Focus Sash Ability: Commander Level: 50 Shiny: Yes Tera Type: Fairy - Draco Meteor - Muddy Water - Icy Wind - Protect Dondozo @ Sitrus Berry Ability: Unaware Level: 50 Tera Type: Grass - Earthquake - Order Up - Substitute - Protect Glimmora @ Assault Vest Ability: Toxic Debris Level: 50 Tera Type: Grass - Power Gem - Mortal Spin - Sludge Bomb - Earth Power <\/details><\/div> Open Team Sheet for AermanReid<\/summary>Rotom (Rotom-Heat) @ Mirror Herb Ability: Levitate Level: 50 Tera Type: Grass - Overheat - Thunderbolt - Tera Blast - Protect Flutter Mane @ Booster Energy Ability: Protosynthesis Level: 50 Tera Type: Steel - Dazzling Gleam - Shadow Ball - Mystical Fire - Protect Scizor @ Safety Goggles Ability: Technician Level: 50 Tera Type: Flying - Bullet Punch - Pounce - Aerial Ace - Protect Tyranitar @ Lum Berry Ability: Sand Stream Level: 50 Tera Type: Ghost - Rock Slide - Crunch - Earthquake - Protect Clawitzer @ Choice Specs Ability: Mega Launcher Level: 50 Tera Type: Water - Water Pulse - Aura Sphere - Ice Beam - Dark Pulse Farigiraf @ Focus Sash Ability: Armor Tail Level: 50 Tera Type: Fairy - Hyper Voice - Dazzling Gleam - Trick Room - Imprison <\/details><\/div>\n|j| StupidFlandrs48\n|c|\u2606AermanReid|Prepare to face the wrath of Buggsworth II\n|c| StupidFlandrs48|Let's go, winner's finals\n|inactive|Battle timer is ON: inactive players will automatically lose when time's up. (requested by AermanReid)\n|j|%Therazer456\n|j| 17th sylveon\n|c| StupidFlandrs48|The prize for the loser: more games!\n|j| MEXES\n|c| StupidFlandrs48|The prize for the winner: waiting forever for losers to finish!\n|inactive|AermanReid has 60 seconds left.\n|c| 17th sylveon|geneva convention more like geneva suggestion with this stall\n|\n|t:|1683948904\n|start\n|switch|p1a: Garganacl|Garganacl, L50, M|100\/100\n|switch|p1b: Glimmora|Glimmora, L50, M|100\/100\n|switch|p2a: Flutter Mane|Flutter Mane, L50|100\/100\n|switch|p2b: Rotom|Rotom-Heat, L50|100\/100\n|-enditem|p2a: Flutter Mane|Booster Energy\n|-activate|p2a: Flutter Mane|ability: Protosynthesis|[fromitem]\n|-start|p2a: Flutter Mane|protosynthesisspe\n|turn|1\n|c| StupidFlandrs48|The kinda team that instantly folds to gholdengo ngl\n|c| StupidFlandrs48|Well maybe not\n|inactive|AermanReid has 30 seconds left.\n|inactive|AermanReid has 20 seconds left.\n|\n|t:|1683948941\n|-terastallize|p2b: Rotom|Grass\n|move|p2a: Flutter Mane|Dazzling Gleam|p1b: Glimmora|[spread] p1a,p1b\n|-resisted|p1b: Glimmora\n|-damage|p1a: Garganacl|70\/100\n|-damage|p1b: Glimmora|87\/100\n|move|p1b: Glimmora|Mortal Spin|p2b: Rotom|[spread] p2a,p2b\n|-supereffective|p2b: Rotom\n|-damage|p2a: Flutter Mane|91\/100\n|-damage|p2b: Rotom|92\/100\n|-status|p2a: Flutter Mane|psn\n|-status|p2b: Rotom|psn\n|move|p2b: Rotom|Tera Blast|p1a: Garganacl\n|-supereffective|p1a: Garganacl\n|-damage|p1a: Garganacl|0 fnt\n|faint|p1a: Garganacl\n|\n|-damage|p2a: Flutter Mane|78\/100 psn|[from] psn\n|-damage|p2b: Rotom|79\/100 psn|[from] psn\n|upkeep\n|c| StupidFlandrs48|Either way when you see a garg-glimmora lead, you know it's evil\n|\n|t:|1683948958\n|switch|p1a: Flutter Mane|Flutter Mane, L50|100\/100\n|-enditem|p1a: Flutter Mane|Booster Energy\n|-activate|p1a: Flutter Mane|ability: Protosynthesis|[fromitem]\n|-start|p1a: Flutter Mane|protosynthesisspe\n|turn|2\n|inactive|NutritiousLemon has 30 seconds left.\n|\n|t:|1683948983\n|move|p1a: Flutter Mane|Protect|p1a: Flutter Mane\n|-singleturn|p1a: Flutter Mane|Protect\n|move|p2a: Flutter Mane|Shadow Ball|p1a: Flutter Mane\n|-activate|p1a: Flutter Mane|move: Protect\n|move|p1b: Glimmora|Sludge Bomb|p2a: Flutter Mane\n|-damage|p2a: Flutter Mane|33\/100 psn\n|move|p2b: Rotom|Thunderbolt|p1a: Flutter Mane\n|-activate|p1a: Flutter Mane|move: Protect\n|\n|-damage|p2a: Flutter Mane|20\/100 psn|[from] psn\n|-damage|p2b: Rotom|67\/100 psn|[from] psn\n|upkeep\n|turn|3\n|\n|t:|1683949001\n|-terastallize|p1a: Flutter Mane|Fairy\n|move|p2a: Flutter Mane|Shadow Ball|p1a: Flutter Mane\n|-damage|p1a: Flutter Mane|51\/100\n|move|p1a: Flutter Mane|Dazzling Gleam|p2a: Flutter Mane|[spread] p2a,p2b\n|-damage|p2a: Flutter Mane|0 fnt\n|-damage|p2b: Rotom|19\/100 psn\n|faint|p2a: Flutter Mane\n|-end|p2a: Flutter Mane|Protosynthesis|[silent]\n|move|p1b: Glimmora|Sludge Bomb|p2b: Rotom\n|-supereffective|p2b: Rotom\n|-damage|p2b: Rotom|0 fnt\n|faint|p2b: Rotom\n|\n|upkeep\n|\n|t:|1683949011\n|switch|p2a: Scizor|Scizor, L50, M|100\/100\n|switch|p2b: Clawitzer|Clawitzer, L50, F|100\/100\n|turn|4\n|\n|t:|1683949027\n|move|p2a: Scizor|Bullet Punch|p1b: Glimmora\n|-supereffective|p1b: Glimmora\n|-damage|p1b: Glimmora|0 fnt\n|-activate|p1b: Glimmora|ability: Toxic Debris\n|-sidestart|p2: AermanReid|move: Toxic Spikes\n|faint|p1b: Glimmora\n|move|p1a: Flutter Mane|Shadow Ball|p2a: Scizor\n|-damage|p2a: Scizor|47\/100\n|-unboost|p2a: Scizor|spd|1\n|move|p2b: Clawitzer|Water Pulse|p1a: Flutter Mane\n|-damage|p1a: Flutter Mane|0 fnt\n|faint|p1a: Flutter Mane\n|-end|p1a: Flutter Mane|Protosynthesis|[silent]\n|\n|upkeep\n|\n|t:|1683949039\n|switch|p1b: Wo-Chien|Wo-Chien, L50|100\/100\n|-ability|p1b: Wo-Chien|Tablets of Ruin\n|turn|5\n|\n|t:|1683949049\n|move|p1b: Wo-Chien|Leech Seed|p2a: Scizor\n|-start|p2a: Scizor|move: Leech Seed\n|move|p2a: Scizor|Pounce|p1b: Wo-Chien\n|-supereffective|p1b: Wo-Chien\n|-damage|p1b: Wo-Chien|0 fnt\n|faint|p1b: Wo-Chien\n|\n|win|AermanReid\n|n|\u2606NutritiousLemon|nutritiouslemon\n|n|\u2606AermanReid|aermanreid\n|n| StupidFlandrs48|stupidflandrs48\n|n| Therazer456|therazer456\n|n| 17th sylveon|17thsylveon\n|n| MEXES|mexes\n|c|\u2606NutritiousLemon|gg\n|c| StupidFlandrs48|Hot damn scizor\n","uploadtime":1683949066,"views":11,"p1id":"nutritiouslemon","p2id":"aermanreid","formatid":"gen9vgc2023regulationc","rating":0,"private":0,"password":""}