{"id":"gen9vgc2023regulationc-1862988375","p1":"Toedscool4school","p2":"porygon peo","format":"[Gen 9] VGC 2023 Regulation C","log":"|j|\u2606Toedscool4school\n|j|\u2606porygon peo\n|t:|1683948307\n|gametype|doubles\n|player|p1|Toedscool4school|adaman|1267\n|player|p2|porygon peo|265|1233\n|teamsize|p1|6\n|teamsize|p2|6\n|gen|9\n|tier|[Gen 9] VGC 2023 Regulation C\n|rated|\n|rule|Species Clause: Limit one of each Pok\u00e9mon\n|rule|Item Clause: Limit one of each item\n|clearpoke\n|poke|p1|Dondozo, L50, M|\n|poke|p1|Tatsugiri, L50, F|\n|poke|p1|Glimmora, L50, F|\n|poke|p1|Flutter Mane, L50|\n|poke|p1|Chi-Yu, L50|\n|poke|p1|Dragonite, L50, M|\n|poke|p2|Ting-Lu, L50|\n|poke|p2|Flutter Mane, L50|\n|poke|p2|Arcanine, L50, M|\n|poke|p2|Dondozo, L50, M|\n|poke|p2|Gothitelle, L50, M|\n|poke|p2|Amoonguss, L50, M|\n|teampreview|4\n|inactive|Battle timer is ON: inactive players will automatically lose when time's up. (requested by Toedscool4school)\nToedscool4school has agreed to open team sheets.\n|inactive|porygon peo has 60 seconds left.\nporygon peo rejected open team sheets.\n|inactive|Toedscool4school has 60 seconds left.\n|\n|t:|1683948364\n|start\n|switch|p1a: Chi-Yu|Chi-Yu, L50|100\/100\n|switch|p1b: Glimmora|Glimmora, L50, F|100\/100\n|switch|p2a: Arcanine|Arcanine, L50, M|100\/100\n|switch|p2b: Ting-Lu|Ting-Lu, L50|100\/100\n|-ability|p1a: Chi-Yu|Beads of Ruin\n|-ability|p2a: Arcanine|Intimidate|boost\n|-unboost|p1a: Chi-Yu|atk|1\n|-unboost|p1b: Glimmora|atk|1\n|-ability|p2b: Ting-Lu|Vessel of Ruin\n|turn|1\n|\n|t:|1683948386\n|move|p1a: Chi-Yu|Protect|p1a: Chi-Yu\n|-singleturn|p1a: Chi-Yu|Protect\n|move|p2a: Arcanine|Protect|p2a: Arcanine\n|-singleturn|p2a: Arcanine|Protect\n|move|p1b: Glimmora|Mortal Spin|p2b: Ting-Lu|[spread] p2b\n|-activate|p2a: Arcanine|move: Protect\n|-resisted|p2b: Ting-Lu\n|-damage|p2b: Ting-Lu|99\/100\n|-status|p2b: Ting-Lu|psn\n|move|p2b: Ting-Lu|Snarl|p1b: Glimmora|[spread] p1b\n|-activate|p1a: Chi-Yu|move: Protect\n|-damage|p1b: Glimmora|85\/100\n|-unboost|p1b: Glimmora|spa|1\n|\n|-damage|p2b: Ting-Lu|88\/100 psn|[from] psn\n|upkeep\n|turn|2\n|inactive|porygon peo has 30 seconds left.\n|\n|t:|1683948419\n|switch|p1a: Dragonite|Dragonite, L50, M|100\/100\n|-terastallize|p2a: Arcanine|Normal\n|move|p2a: Arcanine|Extreme Speed|p1a: Dragonite\n|-damage|p1a: Dragonite|67\/100\n|move|p1b: Glimmora|Mortal Spin|p2b: Ting-Lu|[spread] p2a,p2b\n|-resisted|p2b: Ting-Lu\n|-damage|p2a: Arcanine|97\/100\n|-damage|p2b: Ting-Lu|87\/100 psn\n|-status|p2a: Arcanine|psn\n|move|p2b: Ting-Lu|Stomping Tantrum|p1a: Dragonite\n|-immune|p1a: Dragonite\n|\n|-damage|p2a: Arcanine|85\/100 psn|[from] psn\n|-damage|p2b: Ting-Lu|75\/100 psn|[from] psn\n|upkeep\n|turn|3\n|\n|t:|1683948447\n|move|p1b: Glimmora|Spiky Shield|p1b: Glimmora\n|-singleturn|p1b: Glimmora|move: Protect\n|move|p2a: Arcanine|Will-O-Wisp|p1a: Dragonite\n|-status|p1a: Dragonite|brn\n|-enditem|p1a: Dragonite|Lum Berry|[eat]\n|-curestatus|p1a: Dragonite|brn|[msg]\n|move|p1a: Dragonite|Low Kick|p2a: Arcanine\n|-supereffective|p2a: Arcanine\n|-damage|p2a: Arcanine|0 fnt\n|faint|p2a: Arcanine\n|move|p2b: Ting-Lu|Stomping Tantrum|p1b: Glimmora\n|-activate|p1b: Glimmora|move: Protect\n|-damage|p2b: Ting-Lu|62\/100 psn|[from] Spiky Shield|[of] p1b: Glimmora\n|\n|-damage|p2b: Ting-Lu|50\/100 psn|[from] psn\n|upkeep\n|\n|t:|1683948461\n|switch|p2a: Dondozo|Dondozo, L50, M|100\/100\n|turn|4\n|-message|porygon peo forfeited.\n|\n|win|Toedscool4school\n|raw|Toedscool4school's rating: 1267 → 1290<\/strong> (+23 for winning)\n|raw|porygon peo's rating: 1233 → 1210<\/strong> (-23 for losing)\n|l|\u2606porygon peo\n","uploadtime":1683948474,"views":14,"p1id":"toedscool4school","p2id":"porygonpeo","formatid":"gen9vgc2023regulationc","rating":1210,"private":0,"password":""}