{"id":"gen9vgc2023regulationc-1846662340","p1":"ANTIVALLEY","p2":"Azarethow","format":"[Gen 9] VGC 2023 Regulation C","log":"|j|\u2606ANTIVALLEY\n|j|\u2606Azarethow\n|t:|1681862999\n|gametype|doubles\n|player|p1|ANTIVALLEY|penny|1292\n|player|p2|Azarethow|n|1358\n|teamsize|p1|6\n|teamsize|p2|6\n|gen|9\n|tier|[Gen 9] VGC 2023 Regulation C\n|rated|\n|rule|Species Clause: Limit one of each Pok\u00e9mon\n|rule|Item Clause: Limit one of each item\n|clearpoke\n|poke|p1|Lycanroc, L50, F|\n|poke|p1|Tyranitar, L50, F|\n|poke|p1|Iron Bundle, L50|\n|poke|p1|Chi-Yu, L50|\n|poke|p1|Farigiraf, L50, F|\n|poke|p1|Gyarados, L50, F|\n|poke|p2|Corviknight, L50, F|\n|poke|p2|Ceruledge, L50, M|\n|poke|p2|Garchomp, L50, F|\n|poke|p2|Flutter Mane, L50|\n|poke|p2|Gyarados, L50, F|\n|poke|p2|Chien-Pao, L50|\n|teampreview|4\nANTIVALLEY rejected open team sheets.\n|inactive|Battle timer is ON: inactive players will automatically lose when time's up. (requested by Azarethow)\n|\n|t:|1681863046\n|start\n|switch|p1a: Tyranitar|Tyranitar, L50, F|100\/100\n|switch|p1b: Lycanroc|Lycanroc, L50, F|100\/100\n|switch|p2a: Umbranox|Corviknight, L50, F|100\/100\n|switch|p2b: Sphyrna|Garchomp, L50, F|100\/100\n|-weather|Sandstorm|[from] ability: Sand Stream|[of] p1a: Tyranitar\n|turn|1\n|inactive|ANTIVALLEY has 30 seconds left.\n|\n|t:|1681863072\n|move|p1b: Lycanroc|Endure|p1b: Lycanroc\n|-singleturn|p1b: Lycanroc|move: Endure\n|move|p2b: Sphyrna|Earthquake|p1b: Lycanroc|[spread] p1a,p1b\n|-immune|p2a: Umbranox\n|-supereffective|p1a: Tyranitar\n|-supereffective|p1b: Lycanroc\n|-damage|p1a: Tyranitar|39\/100\n|-activate|p1b: Lycanroc|move: Endure\n|-damage|p1b: Lycanroc|1\/100\n|move|p2a: Umbranox|Tailwind|p2a: Umbranox\n|-sidestart|p2: Azarethow|move: Tailwind\n|move|p1a: Tyranitar|Assurance|p2b: Sphyrna\n|-damage|p2b: Sphyrna|67\/100\n|-damage|p1a: Tyranitar|27\/100|[from] ability: Rough Skin|[of] p2b: Sphyrna\n|\n|-weather|Sandstorm|[upkeep]\n|upkeep\n|turn|2\n|inactive|ANTIVALLEY has 30 seconds left.\n|\n|t:|1681863103\n|switch|p1b: Gyarados|Gyarados, L50, F|100\/100\n|-ability|p1b: Gyarados|Intimidate|boost\n|-ability|p2a: Umbranox|Mirror Armor\n|-unboost|p1b: Gyarados|atk|1\n|-fail|p2b: Sphyrna|unboost|[from] item: Clear Amulet|[of] p2b: Sphyrna\n|-terastallize|p1a: Tyranitar|Flying\n|move|p2b: Sphyrna|Earthquake|p1b: Gyarados|[spread] \n|-immune|p2a: Umbranox\n|-immune|p1a: Tyranitar\n|-immune|p1b: Gyarados\n|move|p2a: Umbranox|Iron Head|p1a: Tyranitar\n|-damage|p1a: Tyranitar|4\/100\n|cant|p1a: Tyranitar|flinch\n|\n|-weather|Sandstorm|[upkeep]\n|-damage|p1b: Gyarados|95\/100|[from] Sandstorm\n|-damage|p1a: Tyranitar|0 fnt|[from] Sandstorm\n|faint|p1a: Tyranitar\n|upkeep\n|\n|t:|1681863122\n|switch|p1a: Chi-Yu|Chi-Yu, L50|100\/100\n|-ability|p1a: Chi-Yu|Beads of Ruin\n|turn|3\n|\n|t:|1681863143\n|-terastallize|p2a: Umbranox|Dragon\n|move|p2b: Sphyrna|Earthquake|p1b: Gyarados|[spread] p2a,p1a\n|-immune|p1b: Gyarados\n|-supereffective|p1a: Chi-Yu\n|-damage|p2a: Umbranox|68\/100\n|-damage|p1a: Chi-Yu|0 fnt\n|faint|p1a: Chi-Yu\n|move|p2a: Umbranox|Brave Bird|p1b: Gyarados\n|-damage|p1b: Gyarados|49\/100\n|-enditem|p1b: Gyarados|Sitrus Berry|[eat]\n|-heal|p1b: Gyarados|73\/100|[from] item: Sitrus Berry\n|-damage|p2a: Umbranox|53\/100|[from] Recoil\n|move|p1b: Gyarados|Waterfall|p2b: Sphyrna\n|-damage|p2b: Sphyrna|42\/100\n|-damage|p1b: Gyarados|61\/100|[from] ability: Rough Skin|[of] p2b: Sphyrna\n|\n|-weather|Sandstorm|[upkeep]\n|-damage|p1b: Gyarados|55\/100|[from] Sandstorm\n|upkeep\n|-message|ANTIVALLEY forfeited.\n|\n|win|Azarethow\n|raw|ANTIVALLEY's rating: 1292 → 1272<\/strong> (-20 for losing)\n|raw|Azarethow's rating: 1358 → 1374<\/strong> (+16 for winning)\n|l|\u2606Azarethow\n","uploadtime":1681864230,"views":17,"p1id":"antivalley","p2id":"azarethow","formatid":"gen9vgc2023regulationc","rating":1272,"private":0,"password":""}