{"id":"gen9vgc2023regulationc-1852819913","p1":"Whatever0512","p2":"nsbnsb","format":"[Gen 9] VGC 2023 Regulation C","log":"|j|\u2606Whatever0512\n|j|\u2606nsbnsb\n|t:|1682609002\n|gametype|doubles\n|player|p1|Whatever0512|2|1412\n|player|p2|nsbnsb|n|1383\n|teamsize|p1|6\n|teamsize|p2|6\n|gen|9\n|tier|[Gen 9] VGC 2023 Regulation C\n|rated|\n|rule|Species Clause: Limit one of each Pok\u00e9mon\n|rule|Item Clause: Limit one of each item\n|clearpoke\n|poke|p1|Talonflame, L50, M|\n|poke|p1|Flutter Mane, L50|\n|poke|p1|Tyranitar, L50, F|\n|poke|p1|Iron Bundle, L50|\n|poke|p1|Gothitelle, L50, M|\n|poke|p1|Great Tusk, L50|\n|poke|p2|Chien-Pao, L50|\n|poke|p2|Dragonite, L50, M|\n|poke|p2|Flutter Mane, L50|\n|poke|p2|Palafin, L50, F|\n|poke|p2|Arcanine, L50, F|\n|poke|p2|Amoonguss, L50, F|\n|teampreview|4\n|inactive|Battle timer is ON: inactive players will automatically lose when time's up. (requested by nsbnsb)\n|inactive|nsbnsb has 60 seconds left.\n|\n|t:|1682609034\n|start\n|switch|p1a: Iron Bundle|Iron Bundle, L50|100\/100\n|switch|p1b: Tyranitar|Tyranitar, L50, F|100\/100\n|switch|p2a: Palafin|Palafin, L50, F|100\/100\n|switch|p2b: Dragonite|Dragonite, L50, M|100\/100\n|-weather|Sandstorm|[from] ability: Sand Stream|[of] p1b: Tyranitar\n|-enditem|p1a: Iron Bundle|Booster Energy\n|-activate|p1a: Iron Bundle|ability: Quark Drive|[fromitem]\n|-start|p1a: Iron Bundle|quarkdrivespe\n|turn|1\n|inactive|Whatever0512 has 30 seconds left.\n|inactive|Whatever0512 has 20 seconds left.\n|inactive|Whatever0512 has 15 seconds left.\n|inactive|Whatever0512 has 10 seconds left.\n|inactive|Whatever0512 has 5 seconds left.\n|\n|t:|1682609086\n|-end|p1a: Iron Bundle|Quark Drive|[silent]\n|switch|p1a: Flutter Mane|Flutter Mane, L50|100\/100\n|detailschange|p2a: Palafin|Palafin-Hero, L50, F\n|switch|p2a: Chien-Pao|Chien-Pao, L50|100\/100\n|-ability|p2a: Chien-Pao|Sword of Ruin\n|-terastallize|p1b: Tyranitar|Flying\n|-terastallize|p2b: Dragonite|Normal\n|move|p2b: Dragonite|Extreme Speed|p1a: Flutter Mane\n|-immune|p1a: Flutter Mane\n|move|p1b: Tyranitar|Low Kick|p2b: Dragonite\n|-supereffective|p2b: Dragonite\n|-damage|p2b: Dragonite|0 fnt\n|faint|p2b: Dragonite\n|\n|-weather|Sandstorm|[upkeep]\n|-damage|p2a: Chien-Pao|95\/100|[from] Sandstorm\n|-damage|p1a: Flutter Mane|95\/100|[from] Sandstorm\n|-damage|p1b: Tyranitar|95\/100|[from] Sandstorm\n|upkeep\n|\n|t:|1682609107\n|switch|p2b: Palafin|Palafin-Hero, L50, F|100\/100\n|-activate|p2b: Palafin|ability: Zero to Hero\n|turn|2\n|\n|t:|1682609125\n|move|p2a: Chien-Pao|Protect|p2a: Chien-Pao\n|-singleturn|p2a: Chien-Pao|Protect\n|move|p2b: Palafin|Jet Punch|p1a: Flutter Mane\n|-damage|p1a: Flutter Mane|19\/100\n|move|p1a: Flutter Mane|Thunderbolt|p2b: Palafin\n|-supereffective|p2b: Palafin\n|-damage|p2b: Palafin|8\/100\n|move|p1b: Tyranitar|Rock Slide|p2b: Palafin|[spread] p2b\n|-activate|p2a: Chien-Pao|move: Protect\n|-crit|p2b: Palafin\n|-damage|p2b: Palafin|0 fnt\n|faint|p2b: Palafin\n|\n|-weather|Sandstorm|[upkeep]\n|-damage|p2a: Chien-Pao|89\/100|[from] Sandstorm\n|-damage|p1a: Flutter Mane|13\/100|[from] Sandstorm\n|-damage|p1b: Tyranitar|89\/100|[from] Sandstorm\n|upkeep\n|-message|nsbnsb forfeited.\n|\n|win|Whatever0512\n|raw|Whatever0512's rating: 1412 → 1430<\/strong> (+18 for winning)\n|raw|nsbnsb's rating: 1383 → 1365<\/strong> (-18 for losing)\n|l|\u2606nsbnsb\n","uploadtime":1682609138,"views":13,"p1id":"whatever0512","p2id":"nsbnsb","formatid":"gen9vgc2023regulationc","rating":1365,"private":0,"password":""}