{"id":"gen9vgc2023regulationc-1845547757","p1":"Bakonlikescufant","p2":"Peter Panshrew","format":"[Gen 9] VGC 2023 Regulation C","log":"|j|\u2606Bakonlikescufant\n|j|\u2606Peter Panshrew\n|t:|1681743989\n|gametype|doubles\n|player|p1|Bakonlikescufant|iono|\n|player|p2|Peter Panshrew|170|\n|teamsize|p1|6\n|teamsize|p2|6\n|gen|9\n|tier|[Gen 9] VGC 2023 Regulation C\n|rated|Tournament battle\n|rule|Species Clause: Limit one of each Pok\u00e9mon\n|rule|Item Clause: Limit one of each item\n|clearpoke\n|poke|p1|Palafin, L50, F|\n|poke|p1|Baxcalibur, L50, M|\n|poke|p1|Amoonguss, L50, M|\n|poke|p1|Flutter Mane, L50|\n|poke|p1|Arcanine, L50, M|\n|poke|p1|Gothitelle, L50, F|\n|poke|p2|Annihilape, L50, F|\n|poke|p2|Maushold, L50|\n|poke|p2|Roaring Moon, L50|\n|poke|p2|Glimmora, L50, F|\n|poke|p2|Palafin, L50, F|\n|poke|p2|Corviknight, L50, F|\n|teampreview|4\n|raw| Open Team Sheet for Bakonlikescufant<\/summary>Fincineroar (Palafin) (F) @ Life Orb Ability: Zero to Hero Level: 50 Shiny: Yes Tera Type: Water - Jet Punch - Close Combat - Wave Crash - Protect Sonic (Baxcalibur) (M) @ Clear Amulet Ability: Thermal Exchange Level: 50 Tera Type: Poison - Glaive Rush - Icicle Crash - Dragon Dance - Protect Bedtime\ud83d\udd14 (Amoonguss) (M) @ Sitrus Berry Ability: Regenerator Level: 50 Tera Type: Water - Pollen Puff - Spore - Rage Powder - Protect Ballistic Missile (Flutter Mane) @ Focus Sash Ability: Protosynthesis Level: 50 Tera Type: Fairy - Perish Song - Dazzling Gleam - Shadow Ball - Protect Good boi :) (Arcanine) (M) @ Safety Goggles Ability: Intimidate Level: 50 Tera Type: Grass - Will-O-Wisp - Extreme Speed - Flare Blitz - Protect Get stuckd (Gothitelle) (F) @ Covert Cloak Ability: Shadow Tag Level: 50 Tera Type: Flying - Fake Out - Focus Blast - Thunderbolt - Protect <\/details><\/div> Open Team Sheet for Peter Panshrew<\/summary>Annihilape @ Sitrus Berry Ability: Defiant Level: 50 Tera Type: Fire - Protect - Bulk Up - Rage Fist - Drain Punch Maushold @ Safety Goggles Ability: Friend Guard Level: 50 Tera Type: Ghost - Protect - Follow Me - Beat Up - Encore Roaring Moon @ Booster Energy Ability: Protosynthesis Level: 50 Tera Type: Steel - Protect - Dragon Dance - Acrobatics - Throat Chop Glimmora @ Choice Scarf Ability: Toxic Debris Level: 50 Shiny: Yes Tera Type: Grass - Earth Power - Power Gem - Sludge Bomb - Energy Ball Palafin @ Eject Pack Ability: Zero to Hero Level: 50 Tera Type: Water - Haze - Close Combat - Wave Crash - Jet Punch Corviknight @ Leftovers Ability: Mirror Armor Level: 50 Tera Type: Flying - Iron Defense - Roost - Iron Head - Brave Bird <\/details><\/div>\n|inactive|Battle timer is ON: inactive players will automatically lose when time's up. (requested by Bakonlikescufant)\n|j|%Bright Size\n|c|\u2606Bakonlikescufant|Panshrew moment\n|l|%Bright Size\n|j| stakatakclap\n|j| venusi\n|l| venusi\n|l| stakatakclap\n|inactive|Bakonlikescufant has 60 seconds left.\n|inactive|Peter Panshrew has 60 seconds left.\n|\n|t:|1681744038\n|start\n|switch|p1a: Fincineroar|Palafin, L50, F, shiny|100\/100\n|switch|p1b: Ballistic Missile|Flutter Mane, L50|100\/100\n|switch|p2a: Annihilape|Annihilape, L50, F|100\/100\n|switch|p2b: Maushold|Maushold, L50|100\/100\n|turn|1\n|\n|t:|1681744060\n|detailschange|p1a: Fincineroar|Palafin-Hero, L50, F, shiny\n|switch|p1a: Get stuckd|Gothitelle, L50, F|100\/100\n|move|p1b: Ballistic Missile|Perish Song|p1b: Ballistic Missile\n|-start|p1a: Get stuckd|perish3|[silent]\n|-start|p1b: Ballistic Missile|perish3|[silent]\n|-start|p2a: Annihilape|perish3|[silent]\n|-start|p2b: Maushold|perish3|[silent]\n|-fieldactivate|move: Perish Song\n|move|p2b: Maushold|Beat Up|p2a: Annihilape\n|-damage|p2a: Annihilape|99\/100\n|-damage|p2a: Annihilape|97\/100\n|-damage|p2a: Annihilape|95\/100\n|-damage|p2a: Annihilape|94\/100\n|-hitcount|p2a: Annihilape|4\n|move|p2a: Annihilape|Rage Fist|p1a: Get stuckd\n|-supereffective|p1a: Get stuckd\n|-damage|p1a: Get stuckd|0 fnt\n|faint|p1a: Get stuckd\n|\n|-start|p1b: Ballistic Missile|perish3\n|-start|p2b: Maushold|perish3\n|-start|p2a: Annihilape|perish3\n|upkeep\n|j| jrdog\n|\n|t:|1681744083\n|switch|p1a: Fincineroar|Palafin-Hero, L50, F, shiny|100\/100\n|-activate|p1a: Fincineroar|ability: Zero to Hero\n|turn|2\n|\n|t:|1681744103\n|move|p2b: Maushold|Follow Me|p2b: Maushold\n|-singleturn|p2b: Maushold|move: Follow Me\n|move|p1b: Ballistic Missile|Dazzling Gleam|p2a: Annihilape|[spread] p2a,p2b\n|-supereffective|p2a: Annihilape\n|-damage|p2a: Annihilape|63\/100\n|-damage|p2b: Maushold|66\/100\n|move|p1a: Fincineroar|Wave Crash|p2b: Maushold\n|-damage|p2b: Maushold|0 fnt\n|faint|p2b: Maushold\n|-damage|p1a: Fincineroar|78\/100|[from] Recoil\n|-damage|p1a: Fincineroar|69\/100|[from] item: Life Orb\n|move|p2a: Annihilape|Rage Fist|p1a: Fincineroar\n|-crit|p1a: Fincineroar\n|-damage|p1a: Fincineroar|0 fnt\n|faint|p1a: Fincineroar\n|\n|-start|p1b: Ballistic Missile|perish2\n|-start|p2a: Annihilape|perish2\n|upkeep\n|\n|t:|1681744117\n|switch|p1a: Sonic|Baxcalibur, L50, M|100\/100\n|switch|p2b: Corviknight|Corviknight, L50, F|100\/100\n|turn|3\n|\n|t:|1681744147\n|-terastallize|p1b: Ballistic Missile|Fairy\n|move|p1b: Ballistic Missile|Dazzling Gleam|p2a: Annihilape|[spread] p2a,p2b\n|-supereffective|p2a: Annihilape\n|-resisted|p2b: Corviknight\n|-damage|p2a: Annihilape|7\/100\n|-damage|p2b: Corviknight|82\/100\n|-enditem|p2a: Annihilape|Sitrus Berry|[eat]\n|-heal|p2a: Annihilape|32\/100|[from] item: Sitrus Berry\n|move|p1a: Sonic|Dragon Dance|p1a: Sonic\n|-boost|p1a: Sonic|atk|1\n|-boost|p1a: Sonic|spe|1\n|move|p2a: Annihilape|Rage Fist|p1b: Ballistic Missile\n|-enditem|p1b: Ballistic Missile|Focus Sash\n|-damage|p1b: Ballistic Missile|1\/100\n|move|p2b: Corviknight|Iron Head|p1b: Ballistic Missile\n|-supereffective|p1b: Ballistic Missile\n|-damage|p1b: Ballistic Missile|0 fnt\n|faint|p1b: Ballistic Missile\n|-end|p1b: Ballistic Missile|Protosynthesis|[silent]\n|\n|-heal|p2b: Corviknight|88\/100|[from] item: Leftovers\n|-start|p2a: Annihilape|perish1\n|upkeep\n|turn|4\n|\n|t:|1681744167\n|move|p1a: Sonic|Glaive Rush|p2a: Annihilape\n|-damage|p2a: Annihilape|0 fnt\n|-singlemove|p1a: Sonic|Glaive Rush|[silent]\n|faint|p2a: Annihilape\n|move|p2b: Corviknight|Iron Defense|p2b: Corviknight\n|-boost|p2b: Corviknight|def|2\n|\n|-heal|p2b: Corviknight|94\/100|[from] item: Leftovers\n|upkeep\n|\n|t:|1681744171\n|switch|p2a: Glimmora|Glimmora, L50, F, shiny|100\/100\n|turn|5\n|\n|t:|1681744180\n|move|p2a: Glimmora|Power Gem|p1a: Sonic\n|-supereffective|p1a: Sonic\n|-damage|p1a: Sonic|0 fnt\n|faint|p1a: Sonic\n|\n|win|Peter Panshrew\n|n|\u2606Bakonlikescufant|bakonlikescufant\n|n|\u2606Peter Panshrew|peterpanshrew\n|n| jrdog|jrdog\n|l|\u2606Bakonlikescufant\n|c|\u2606Peter Panshrew|gg\n|l| jrdog\n|l|\u2606Peter Panshrew\n|j|\u2606Bakonlikescufant\n|player|p1|Bakonlikescufant|iono\n","uploadtime":1681744265,"views":12,"p1id":"bakonlikescufant","p2id":"peterpanshrew","formatid":"gen9vgc2023regulationc","rating":0,"private":0,"password":""}