{"id":"gen9vgc2023regulationc-1850977482","p1":"chipp zanuff 7","p2":"glowbrogang","format":"[Gen 9] VGC 2023 Regulation C","log":"|j|\u2606chipp zanuff 7\n|j|\u2606glowbrogang\n|t:|1682389324\n|gametype|doubles\n|player|p1|chipp zanuff 7|266|\n|player|p2|glowbrogang|ltsurge|\n|teamsize|p1|6\n|teamsize|p2|6\n|gen|9\n|tier|[Gen 9] VGC 2023 Regulation C\n|rated|Tournament battle\n|rule|Species Clause: Limit one of each Pok\u00e9mon\n|rule|Item Clause: Limit one of each item\n|clearpoke\n|poke|p1|Iron Bundle, L50|\n|poke|p1|Chi-Yu, L50|\n|poke|p1|Wo-Chien, L50|\n|poke|p1|Glimmora, L50, M|\n|poke|p1|Tatsugiri, L50, M|\n|poke|p1|Dondozo, L50, M|\n|poke|p2|Torkoal, L50, M|\n|poke|p2|Flutter Mane, L50|\n|poke|p2|Gothitelle, L50, F|\n|poke|p2|Gholdengo, L50|\n|poke|p2|Great Tusk, L50|\n|poke|p2|Kingambit, L50, M|\n|teampreview|4\n|raw| Open Team Sheet for chipp zanuff 7<\/summary>Iron Bundle @ Booster Energy Ability: Quark Drive Level: 50 Tera Type: Ice - Freeze-Dry - Hydro Pump - Protect - Icy Wind Chi-Yu @ Choice Specs Ability: Beads of Ruin Level: 50 Tera Type: Grass - Heat Wave - Dark Pulse - Snarl - Tera Blast Wo-Chien @ Leftovers Ability: Tablets of Ruin Level: 50 Tera Type: Poison - Energy Ball - Protect - Snarl - Leech Seed Glimmora @ Assault Vest Ability: Toxic Debris Level: 50 Shiny: Yes Tera Type: Grass - Mortal Spin - Sludge Bomb - Power Gem - Earth Power Tatsugiri (M) @ Bright Powder Ability: Commander Level: 50 Tera Type: Steel - Draco Meteor - Protect - Hydro Pump - Icy Wind Dondozo @ Life Orb Ability: Unaware Level: 50 Tera Type: Ground - Wave Crash - Earthquake - Protect - Avalanche <\/details><\/div> Open Team Sheet for glowbrogang<\/summary>dillon brooks bum (Torkoal) @ Eject Pack Ability: Drought Level: 50 Shiny: Yes Tera Type: Grass - Overheat - Body Press - Helping Hand - Protect my baby boy lebron (Flutter Mane) @ Choice Specs Ability: Protosynthesis Level: 50 Shiny: Yes Tera Type: Fairy - Dazzling Gleam - Moonblast - Shadow Ball - Power Gem draymond green (Gothitelle) @ Wiki Berry Ability: Shadow Tag Level: 50 Shiny: Yes Tera Type: Grass - Fake Out - Psychic - Helping Hand - Trick Room jason terry (Gholdengo) @ Life Orb Ability: Good as Gold Level: 50 Tera Type: Water - Make It Rain - Shadow Ball - Nasty Plot - Protect lance stephenson (Great Tusk) @ Focus Sash Ability: Protosynthesis Level: 50 Hidden Power: Fighting Tera Type: Ground - Headlong Rush - Close Combat - Rock Slide - Protect deshawn stevenson (Kingambit) @ Assault Vest Ability: Defiant Level: 50 Shiny: Yes Tera Type: Flying - Iron Head - Sucker Punch - Tera Blast - Low Kick <\/details><\/div>\n|c|\u2606glowbrogang|g,h\n|c|\u2606glowbrogang|l.h\n|c|\u2606glowbrogang|hf\n|inactive|Battle timer is ON: inactive players will automatically lose when time's up. (requested by chipp zanuff 7)\n|\n|t:|1682389368\n|start\n|switch|p1a: Iron Bundle|Iron Bundle, L50|100\/100\n|switch|p1b: Chi-Yu|Chi-Yu, L50|100\/100\n|switch|p2a: dillon brooks bum|Torkoal, L50, M, shiny|100\/100\n|switch|p2b: my baby boy lebron|Flutter Mane, L50, shiny|100\/100\n|-ability|p1b: Chi-Yu|Beads of Ruin\n|-weather|SunnyDay|[from] ability: Drought|[of] p2a: dillon brooks bum\n|-activate|p2b: my baby boy lebron|ability: Protosynthesis\n|-start|p2b: my baby boy lebron|protosynthesisspa\n|-enditem|p1a: Iron Bundle|Booster Energy\n|-activate|p1a: Iron Bundle|ability: Quark Drive|[fromitem]\n|-start|p1a: Iron Bundle|quarkdrivespe\n|turn|1\n|inactive|chipp zanuff 7 has 30 seconds left.\n|inactive|glowbrogang has 30 seconds left.\n|inactive|chipp zanuff 7 has 20 seconds left.\n|\n|t:|1682389404\n|move|p1a: Iron Bundle|Icy Wind|p2b: my baby boy lebron|[spread] p2a,p2b\n|-resisted|p2a: dillon brooks bum\n|-damage|p2a: dillon brooks bum|82\/100\n|-damage|p2b: my baby boy lebron|77\/100\n|-unboost|p2a: dillon brooks bum|spe|1\n|-enditem|p2a: dillon brooks bum|Eject Pack\n|-unboost|p2b: my baby boy lebron|spe|1\n|c|\u2606chipp zanuff 7|bad item\n|\n|t:|1682389412\n|switch|p2a: lance stephenson|Great Tusk, L50|100\/100\n|-activate|p2a: lance stephenson|ability: Protosynthesis\n|-start|p2a: lance stephenson|protosynthesisatk\n|move|p1b: Chi-Yu|Heat Wave|p2b: my baby boy lebron|[spread] p2a,p2b\n|-enditem|p2a: lance stephenson|Focus Sash\n|-damage|p2a: lance stephenson|1\/100\n|-damage|p2b: my baby boy lebron|0 fnt\n|faint|p2b: my baby boy lebron\n|-end|p2b: my baby boy lebron|Protosynthesis|[silent]\n|\n|-weather|SunnyDay|[upkeep]\n|upkeep\n|c|\u2606glowbrogang|??\n|c|\u2606chipp zanuff 7|gg]\n|\n|t:|1682389424\n|switch|p2b: dillon brooks bum|Torkoal, L50, M, shiny|82\/100\n|turn|2\n|\n|t:|1682389439\n|move|p2a: lance stephenson|Protect|p2a: lance stephenson\n|-singleturn|p2a: lance stephenson|Protect\n|move|p1a: Iron Bundle|Hydro Pump|p2b: dillon brooks bum\n|-supereffective|p2b: dillon brooks bum\n|-damage|p2b: dillon brooks bum|0 fnt\n|faint|p2b: dillon brooks bum\n|move|p1b: Chi-Yu|Heat Wave|p2a: lance stephenson\n|-activate|p2a: lance stephenson|move: Protect\n|\n|-weather|SunnyDay|[upkeep]\n|upkeep\n|c|\u2606chipp zanuff 7|why portect\n|c|\u2606glowbrogang|its to helping hand and get hit so u pivot out u sped monkey\n|c|\u2606chipp zanuff 7|i won\n|\n|t:|1682389450\n|switch|p2b: jason terry|Gholdengo, L50|100\/100\n|turn|3\n|c|\u2606glowbrogang|why u sped monkey\n|c|\u2606glowbrogang|cause u are\n|c|\u2606chipp zanuff 7|ok gg\n|c|\u2606chipp zanuff 7|trie again in next tour\n|c|\u2606glowbrogang|ok sped monkey\n|c|\u2606chipp zanuff 7|4-0\n|\n|t:|1682389473\n|-terastallize|p2b: jason terry|Water\n|move|p1a: Iron Bundle|Freeze-Dry|p2b: jason terry\n|-supereffective|p2b: jason terry\n|-damage|p2b: jason terry|22\/100\n|move|p2a: lance stephenson|Rock Slide|p1a: Iron Bundle|[spread] p1a,p1b\n|-supereffective|p1a: Iron Bundle\n|-supereffective|p1b: Chi-Yu\n|-damage|p1a: Iron Bundle|42\/100\n|-damage|p1b: Chi-Yu|19\/100\n|move|p1b: Chi-Yu|Heat Wave|p2b: jason terry|[spread] p2a,p2b\n|-resisted|p2b: jason terry\n|-damage|p2a: lance stephenson|0 fnt\n|-damage|p2b: jason terry|0 fnt\n|faint|p2a: lance stephenson\n|-end|p2a: lance stephenson|Protosynthesis|[silent]\n|faint|p2b: jason terry\n|\n|win|chipp zanuff 7\n|n|\u2606chipp zanuff 7|chippzanuff7\n|n|\u2606glowbrogang|glowbrogang\n|c|\u2606chipp zanuff 7|ez\n","uploadtime":1682389482,"views":7,"p1id":"chippzanuff7","p2id":"glowbrogang","formatid":"gen9vgc2023regulationc","rating":0,"private":0,"password":""}