{"id":"gen9vgc2023regulationc-1856974654","p1":"An_Italian_Jojo","p2":"Plondworm","format":"[Gen 9] VGC 2023 Regulation C","log":"|j|\u2606An_Italian_Jojo\n|j|\u2606Plondworm\n|t:|1683132381\n|gametype|doubles\n|player|p1|An_Italian_Jojo|169|1090\n|player|p2|Plondworm|swimmer|1153\n|teamsize|p1|6\n|teamsize|p2|6\n|gen|9\n|tier|[Gen 9] VGC 2023 Regulation C\n|rated|\n|rule|Species Clause: Limit one of each Pok\u00e9mon\n|rule|Item Clause: Limit one of each item\n|clearpoke\n|poke|p1|Maushold-Four, L50|\n|poke|p1|Annihilape, L50, F|\n|poke|p1|Ting-Lu, L50|\n|poke|p1|Chi-Yu, L50|\n|poke|p1|Palafin, L50, M|\n|poke|p1|Volcarona, L50, M|\n|poke|p2|Baxcalibur, L50, M|\n|poke|p2|Ceruledge, L50, F|\n|poke|p2|Flutter Mane, L50|\n|poke|p2|Amoonguss, L50, M|\n|poke|p2|Tauros-Paldea-Aqua, L50, M|\n|poke|p2|Scizor, L50, M|\n|teampreview|4\n|c|\u2606An_Italian_Jojo|gl hf\nAn_Italian_Jojo has agreed to open team sheets.\n|inactive|Battle timer is ON: inactive players will automatically lose when time's up. (requested by An_Italian_Jojo)\n|inactive|Plondworm has 60 seconds left.\n|inactive|Plondworm has 30 seconds left.\n|inactive|Plondworm has 20 seconds left.\n|inactive|Plondworm has 15 seconds left.\n|inactive|Plondworm has 10 seconds left.\n|inactive|Plondworm has 5 seconds left.\n|\n|t:|1683132585\n|start\n|switch|p1a: Maushold|Maushold-Four, L50|100\/100\n|switch|p1b: Chi-Yu|Chi-Yu, L50|100\/100\n|switch|p2a: Baxcalibur|Baxcalibur, L50, M|100\/100\n|switch|p2b: Ceruledge|Ceruledge, L50, F|100\/100\n|-ability|p1b: Chi-Yu|Beads of Ruin\n|turn|1\n|inactive|Plondworm has 30 seconds left.\n|inactive|Plondworm has 20 seconds left.\n|inactive|Plondworm has 15 seconds left.\n|inactive|Plondworm has 10 seconds left.\n|inactive|Plondworm has 5 seconds left.\n|\n|t:|1683132640\n|move|p2a: Baxcalibur|Protect|p2a: Baxcalibur\n|-singleturn|p2a: Baxcalibur|Protect\n|move|p2b: Ceruledge|Protect|p2b: Ceruledge\n|-singleturn|p2b: Ceruledge|Protect\n|move|p1a: Maushold|Follow Me|p1a: Maushold\n|-singleturn|p1a: Maushold|move: Follow Me\n|move|p1b: Chi-Yu|Dark Pulse|p2b: Ceruledge\n|-activate|p2b: Ceruledge|move: Protect\n|\n|upkeep\n|turn|2\n|inactive|Plondworm has 30 seconds left.\n|inactive|Plondworm has 20 seconds left.\n|inactive|Plondworm has 15 seconds left.\n|inactive|Plondworm has 10 seconds left.\n|inactive|Plondworm has 5 seconds left.\n|\n|t:|1683132690\n|move|p1a: Maushold|Follow Me|p1a: Maushold\n|-singleturn|p1a: Maushold|move: Follow Me\n|move|p1b: Chi-Yu|Dark Pulse|p2a: Baxcalibur\n|-damage|p2a: Baxcalibur|17\/100\n|cant|p2a: Baxcalibur|flinch\n|move|p2b: Ceruledge|Bulk Up|p2b: Ceruledge\n|-boost|p2b: Ceruledge|atk|1\n|-boost|p2b: Ceruledge|def|1\n|\n|upkeep\n|turn|3\n|\n|t:|1683132710\n|move|p2a: Baxcalibur|Protect|p2a: Baxcalibur\n|-singleturn|p2a: Baxcalibur|Protect\n|move|p1a: Maushold|Follow Me|p1a: Maushold\n|-singleturn|p1a: Maushold|move: Follow Me\n|move|p1b: Chi-Yu|Dark Pulse|p2b: Ceruledge\n|-supereffective|p2b: Ceruledge\n|-damage|p2b: Ceruledge|0 fnt\n|faint|p2b: Ceruledge\n|\n|upkeep\n|-message|Plondworm forfeited.\n|\n|win|An_Italian_Jojo\n|raw|An_Italian_Jojo's rating: 1090 → 1121<\/strong> (+31 for winning)\n|raw|Plondworm's rating: 1153 → 1124<\/strong> (-29 for losing)\n|l|\u2606Plondworm\n","uploadtime":1683132784,"views":14,"p1id":"anitalianjojo","p2id":"plondworm","formatid":"gen9vgc2023regulationc","rating":1121,"private":0,"password":""}