{"id":"gen9vgc2023regulationc-1857280970","p1":"413XPlayz","p2":"Borghi","format":"[Gen 9] VGC 2023 Regulation C","log":"|j|\u2606413XPlayz\n|j|\u2606Borghi\n|t:|1683167301\n|gametype|doubles\n|player|p1|413XPlayz|psychic|\n|player|p2|Borghi|blue-masters|\n|teamsize|p1|6\n|teamsize|p2|6\n|gen|9\n|tier|[Gen 9] VGC 2023 Regulation C\n|rated|Tournament battle\n|rule|Species Clause: Limit one of each Pok\u00e9mon\n|rule|Item Clause: Limit one of each item\n|clearpoke\n|poke|p1|Indeedee-F, L50, F|\n|poke|p1|Hatterene, L50, F|\n|poke|p1|Kingambit, L50, F|\n|poke|p1|Torkoal, L50, F|\n|poke|p1|Dondozo, L50, F|\n|poke|p1|Tatsugiri, L50, F|\n|poke|p2|Flutter Mane, L50|\n|poke|p2|Chi-Yu, L50|\n|poke|p2|Amoonguss, L50, F|\n|poke|p2|Iron Hands, L50|\n|poke|p2|Gyarados, L50, F|\n|poke|p2|Scizor, L50, F|\n|teampreview|4\n|raw| Open Team Sheet for 413XPlayz<\/summary>Indeedee (Indeedee-F) (F) @ Psychic Seed Ability: Psychic Surge Level: 50 Tera Type: Grass - Trick Room - Dazzling Gleam - Follow Me - Helping Hand Hatterene (F) @ Life Orb Ability: Magic Bounce Level: 50 Tera Type: Fire - Trick Room - Protect - Dazzling Gleam - Psychic Kingambit @ Safety Goggles Ability: Defiant Level: 50 Tera Type: Fire - Swords Dance - Kowtow Cleave - Sucker Punch - Low Kick Torkoal @ Charcoal Ability: Drought Level: 50 Tera Type: Grass - Eruption - Flamethrower - Clear Smog - Protect Dondozo @ Choice Band Ability: Oblivious Level: 50 Tera Type: Grass - Wave Crash - Liquidation - Earthquake - Tera Blast Tatsugiri @ Choice Scarf Ability: Commander Level: 50 Tera Type: Steel - Draco Meteor - Muddy Water - Dragon Pulse - Sleep Talk <\/details><\/div> Open Team Sheet for Borghi<\/summary>Flutter Mane @ Booster Energy Ability: Protosynthesis Level: 50 Tera Type: Fairy - Protect - Moonblast - Shadow Ball - Substitute Chi-Yu @ Focus Sash Ability: Beads of Ruin Level: 50 Tera Type: Fire - Protect - Heat Wave - Dark Pulse - Nasty Plot Amoonguss @ Sitrus Berry Ability: Regenerator Level: 50 Tera Type: Water - Clear Smog - Pollen Puff - Spore - Rage Powder Iron Hands @ Assault Vest Ability: Quark Drive Level: 50 Tera Type: Grass - Wild Charge - Drain Punch - Fake Out - Volt Switch Gyarados @ Safety Goggles Ability: Intimidate Level: 50 Tera Type: Steel - Waterfall - Taunt - Protect - Thunder Wave Scizor @ Lum Berry Ability: Technician Level: 50 Tera Type: Water - Protect - Bullet Punch - Tera Blast - Swords Dance <\/details><\/div>\n|inactive|Battle timer is ON: inactive players will automatically lose when time's up. (requested by Borghi)\n|j|+crystalninetales\n|j| Radio Free C-Side\n|j|+TheEeveeAnimations\n|c|+TheEeveeAnimations|dq yourself\n|c|\u2606Borghi|I AM ON THE TOILET\n|c|+TheEeveeAnimations|gamer move\n|j| bdogplatinum\n|inactiveoff|Battle timer is now OFF.\n|c| bdogplatinum|lol\n|c|\u2606413XPlayz|glhf.\n|inactive|Battle timer is ON: inactive players will automatically lose when time's up. (requested by 413XPlayz)\n|j|%Therazer456\n|c| bdogplatinum|u turned the timer on while on the toilet... gaming\n|c|\u2606Borghi|Bruh\n|inactiveoff|Battle timer is now OFF.\n|c|\u2606Borghi|Timer auto turns on\n|c| Radio Free C-Side|glhf into timer on, brutal\n|c|\u2606Borghi|you heathens\n|c| bdogplatinum|sir... that isn't cetitan\n|\n|t:|1683167379\n|start\n|switch|p1a: Dondozo|Dondozo, L50, F|100\/100\n|switch|p1b: Hatterene|Hatterene, L50, F|100\/100\n|switch|p2a: Iron Hands|Iron Hands, L50|100\/100\n|switch|p2b: Chi-Yu|Chi-Yu, L50|100\/100\n|-ability|p2b: Chi-Yu|Beads of Ruin\n|turn|1\n|c|\u2606Borghi|i dont have\n|c|\u2606Borghi|cetitan\n|c|\u2606Borghi|on my phone\n|c| bdogplatinum|rip\n|\n|t:|1683167410\n|switch|p1a: Indeedee|Indeedee-F, L50, F|100\/100\n|-fieldstart|move: Psychic Terrain|[from] ability: Psychic Surge|[of] p1a: Indeedee\n|-enditem|p1a: Indeedee|Psychic Seed\n|-boost|p1a: Indeedee|spd|1|[from] item: Psychic Seed\n|-terastallize|p2a: Iron Hands|Grass\n|move|p2b: Chi-Yu|Heat Wave|p1a: Indeedee|[spread] p1a,p1b\n|-crit|p1a: Indeedee\n|-crit|p1b: Hatterene\n|-damage|p1a: Indeedee|28\/100\n|-damage|p1b: Hatterene|14\/100\n|-status|p1b: Hatterene|brn\n|move|p2a: Iron Hands|Wild Charge|p1b: Hatterene\n|-damage|p1b: Hatterene|0 fnt\n|faint|p1b: Hatterene\n|-damage|p2a: Iron Hands|98\/100|[from] Recoil\n|\n|upkeep\n|\n|t:|1683167423\n|switch|p1b: Dondozo|Dondozo, L50, F|100\/100\n|turn|2\n|j| OneofthePizzaGuys\n|c|+crystalninetales|the double crit burn\n|c|+crystalninetales|wtf\n|\n|t:|1683167441\n|move|p2b: Chi-Yu|Dark Pulse|p1a: Indeedee\n|-supereffective|p1a: Indeedee\n|-damage|p1a: Indeedee|0 fnt\n|faint|p1a: Indeedee\n|move|p2a: Iron Hands|Volt Switch|p1b: Dondozo\n|-supereffective|p1b: Dondozo\n|-damage|p1b: Dondozo|71\/100\n|\n|t:|1683167444\n|-end|p2a: Iron Hands|Quark Drive|[silent]\n|switch|p2a: Gyarados|Gyarados, L50, F|100\/100|[from] Volt Switch\n|-ability|p2a: Gyarados|Intimidate|boost\n|-fail|p1b: Dondozo|unboost|Attack|[from] ability: Oblivious|[of] p1b: Dondozo\n|move|p1b: Dondozo|Wave Crash|p2b: Chi-Yu\n|-supereffective|p2b: Chi-Yu\n|-enditem|p2b: Chi-Yu|Focus Sash\n|-damage|p2b: Chi-Yu|1\/100\n|-damage|p1b: Dondozo|52\/100|[from] Recoil\n|\n|upkeep\n|\n|t:|1683167447\n|switch|p1a: Torkoal|Torkoal, L50, F|100\/100\n|-weather|SunnyDay|[from] ability: Drought|[of] p1a: Torkoal\n|turn|3\n|\n|t:|1683167461\n|-terastallize|p1a: Torkoal|Grass\n|move|p2b: Chi-Yu|Protect|p2b: Chi-Yu\n|-singleturn|p2b: Chi-Yu|Protect\n|move|p2a: Gyarados|Waterfall|p1a: Torkoal\n|-resisted|p1a: Torkoal\n|-damage|p1a: Torkoal|95\/100\n|move|p1b: Dondozo|Wave Crash|p2a: Gyarados\n|-resisted|p2a: Gyarados\n|-damage|p2a: Gyarados|80\/100\n|-damage|p1b: Dondozo|46\/100|[from] Recoil\n|move|p1a: Torkoal|Eruption|p2a: Gyarados|[spread] p2a\n|-activate|p2b: Chi-Yu|move: Protect\n|-resisted|p2a: Gyarados\n|-damage|p2a: Gyarados|37\/100\n|\n|-weather|SunnyDay|[upkeep]\n|upkeep\n|turn|4\n|\n|t:|1683167476\n|move|p1a: Torkoal|Protect|p1a: Torkoal\n|-singleturn|p1a: Torkoal|Protect\n|move|p2b: Chi-Yu|Dark Pulse|p1b: Dondozo\n|-damage|p1b: Dondozo|0 fnt\n|faint|p1b: Dondozo\n|move|p2a: Gyarados|Thunder Wave|p1a: Torkoal\n|-activate|p1a: Torkoal|move: Protect\n|\n|-weather|SunnyDay|[upkeep]\n|upkeep\n|turn|5\n|\n|t:|1683167481\n|move|p2b: Chi-Yu|Protect|p2b: Chi-Yu\n|-singleturn|p2b: Chi-Yu|Protect\n|move|p2a: Gyarados|Thunder Wave|p1a: Torkoal\n|-status|p1a: Torkoal|par\n|move|p1a: Torkoal|Eruption|p2b: Chi-Yu|[spread] p2a\n|-activate|p2b: Chi-Yu|move: Protect\n|-resisted|p2a: Gyarados\n|-damage|p2a: Gyarados|0 fnt\n|faint|p2a: Gyarados\n|\n|-weather|SunnyDay|[upkeep]\n|-fieldend|move: Psychic Terrain\n|upkeep\n|\n|t:|1683167485\n|switch|p2a: Iron Hands|Iron Hands, L50, tera:Grass|98\/100\n|turn|6\n|\n|t:|1683167489\n|move|p2a: Iron Hands|Fake Out|p1a: Torkoal\n|-damage|p1a: Torkoal|84\/100 par\n|move|p2b: Chi-Yu|Nasty Plot|p2b: Chi-Yu\n|-boost|p2b: Chi-Yu|spa|2\n|cant|p1a: Torkoal|flinch\n|\n|-weather|SunnyDay|[upkeep]\n|upkeep\n|turn|7\n|\n|t:|1683167494\n|move|p2b: Chi-Yu|Protect|p2b: Chi-Yu\n|-singleturn|p2b: Chi-Yu|Protect\n|move|p2a: Iron Hands|Wild Charge|p1a: Torkoal\n|-resisted|p1a: Torkoal\n|-crit|p1a: Torkoal\n|-damage|p1a: Torkoal|56\/100 par\n|-damage|p2a: Iron Hands|93\/100|[from] Recoil\n|move|p1a: Torkoal|Eruption|p2a: Iron Hands|[spread] p2a\n|-activate|p2b: Chi-Yu|move: Protect\n|-supereffective|p2a: Iron Hands\n|-damage|p2a: Iron Hands|34\/100\n|\n|-weather|none\n|upkeep\n|turn|8\n|\n|t:|1683167501\n|move|p2b: Chi-Yu|Dark Pulse|p1a: Torkoal\n|-damage|p1a: Torkoal|0 fnt\n|faint|p1a: Torkoal\n|\n|win|Borghi\n|n|\u2606413XPlayz|413xplayz\n|n|\u2606Borghi|borghi\n|n| crystalninetales|crystalninetales\n|n| Radio Free C-Side|radiofreecside\n|n| TheEeveeAnimations|theeeveeanimations\n|n| bdogplatinum|bdogplatinum\n|n| Therazer456|therazer456\n|n| OneofthePizzaGuys|oneofthepizzaguys\n","uploadtime":1683167502,"views":11,"p1id":"413xplayz","p2id":"borghi","formatid":"gen9vgc2023regulationc","rating":0,"private":0,"password":""}