{"id":"gen9vgc2023regulationc-1849657830","p1":"Souvik23","p2":"IronbarkVGC","format":"[Gen 9] VGC 2023 Regulation C","log":"|j|\u2606Souvik23\n|j|\u2606IronbarkVGC\n|t:|1682227002\n|gametype|doubles\n|player|p1|Souvik23|lass-gen4dp|\n|player|p2|IronbarkVGC|pryce|\n|teamsize|p1|6\n|teamsize|p2|6\n|gen|9\n|tier|[Gen 9] VGC 2023 Regulation C\n|rated|Tournament battle\n|rule|Species Clause: Limit one of each Pok\u00e9mon\n|rule|Item Clause: Limit one of each item\n|clearpoke\n|poke|p1|Chi-Yu, L50|\n|poke|p1|Dachsbun, L50, M|\n|poke|p1|Palafin, L50, F|\n|poke|p1|Gallade, L50, M|\n|poke|p1|Amoonguss, L50, M|\n|poke|p1|Flutter Mane, L50|\n|poke|p2|Chien-Pao, L50|\n|poke|p2|Lilligant, L50, F|\n|poke|p2|Torkoal, L50, F|\n|poke|p2|Flutter Mane, L50|\n|poke|p2|Great Tusk, L50|\n|poke|p2|Murkrow, L50, M|\n|teampreview|4\n|raw| Open Team Sheet for Souvik23<\/summary>Chi-Yu @ Charcoal Ability: Beads of Ruin Level: 50 Tera Type: Grass - Lava Plume - Ruination - Snarl - Protect Dachsbun @ Sitrus Berry Ability: Well-Baked Body Level: 50 Tera Type: Steel - Play Rough - Body Press - Wish - Protect Palafin @ Mystic Water Ability: Zero to Hero Level: 50 Tera Type: Water - Close Combat - Wave Crash - Jet Punch - Ice Punch Gallade (M) @ Choice Scarf Ability: Sharpness Level: 50 Tera Type: Ghost - Aqua Cutter - Psycho Cut - Sacred Sword - Shadow Sneak Amoonguss @ Mental Herb Ability: Regenerator Level: 50 Tera Type: Grass - Rage Powder - Spore - Pollen Puff - Grass Knot Flutter Mane @ Booster Energy Ability: Protosynthesis Level: 50 Tera Type: Steel - Moonblast - Dazzling Gleam - Shadow Ball - Protect <\/details><\/div> Open Team Sheet for IronbarkVGC<\/summary>Chien-Pao @ Focus Sash Ability: Sword of Ruin Level: 50 Tera Type: Ghost - Ice Spinner - Sacred Sword - Sucker Punch - Protect Lilligant (F) @ Covert Cloak Ability: Chlorophyll Level: 50 Tera Type: Ghost - Sleep Powder - Leaf Storm - After You - Encore Torkoal @ Air Balloon Ability: Drought Level: 50 Tera Type: Fire - Eruption - Heat Wave - Earth Power - Protect Flutter Mane @ Choice Specs Ability: Protosynthesis Level: 50 Tera Type: Fairy - Dazzling Gleam - Moonblast - Shadow Ball - Power Gem Great Tusk @ Choice Scarf Ability: Protosynthesis Level: 50 Hidden Power: Fighting Tera Type: Steel - Earthquake - Headlong Rush - Close Combat - Rock Slide Murkrow @ Eviolite Ability: Prankster Level: 50 Tera Type: Ghost - Tailwind - Haze - Sunny Day - Foul Play <\/details><\/div>\n|inactive|Battle timer is ON: inactive players will automatically lose when time's up. (requested by Souvik23)\n|inactive|IronbarkVGC has 60 seconds left.\n|inactive|IronbarkVGC has 30 seconds left.\n|inactive|IronbarkVGC has 20 seconds left.\n|\n|t:|1682227077\n|start\n|switch|p1a: Chi-Yu|Chi-Yu, L50|100\/100\n|switch|p1b: Palafin|Palafin, L50, F|100\/100\n|switch|p2a: Lilligant|Lilligant, L50, F|100\/100\n|switch|p2b: Torkoal|Torkoal, L50, F|100\/100\n|-ability|p1a: Chi-Yu|Beads of Ruin\n|-weather|SunnyDay|[from] ability: Drought|[of] p2b: Torkoal\n|-item|p2b: Torkoal|Air Balloon\n|turn|1\n|\n|t:|1682227098\n|detailschange|p1b: Palafin|Palafin-Hero, L50, F\n|switch|p1b: Dachsbun|Dachsbun, L50, M|100\/100\n|move|p2a: Lilligant|Sleep Powder|p1a: Chi-Yu\n|-status|p1a: Chi-Yu|slp|[from] move: Sleep Powder\n|cant|p1a: Chi-Yu|slp\n|move|p2b: Torkoal|Earth Power|p1a: Chi-Yu\n|-supereffective|p1a: Chi-Yu\n|-damage|p1a: Chi-Yu|46\/100 slp\n|\n|-weather|SunnyDay|[upkeep]\n|upkeep\n|turn|2\n|\n|t:|1682227119\n|move|p2a: Lilligant|Sleep Powder|p1b: Dachsbun\n|-status|p1b: Dachsbun|slp|[from] move: Sleep Powder\n|cant|p1a: Chi-Yu|slp\n|cant|p1b: Dachsbun|slp\n|move|p2b: Torkoal|Earth Power|p1a: Chi-Yu\n|-supereffective|p1a: Chi-Yu\n|-damage|p1a: Chi-Yu|0 fnt\n|faint|p1a: Chi-Yu\n|\n|-weather|SunnyDay|[upkeep]\n|upkeep\n|\n|t:|1682227131\n|switch|p1a: Amoonguss|Amoonguss, L50, M|100\/100\n|turn|3\n|inactive|IronbarkVGC has 30 seconds left.\n|inactive|IronbarkVGC has 20 seconds left.\n|\n|t:|1682227167\n|move|p2a: Lilligant|After You|p2b: Torkoal\n|-activate|p2b: Torkoal|move: After You\n|move|p2b: Torkoal|Eruption|p1a: Amoonguss|[spread] p1a\n|-ability|p1b: Dachsbun|Well-Baked Body|boost\n|-boost|p1b: Dachsbun|def|2\n|-supereffective|p1a: Amoonguss\n|-damage|p1a: Amoonguss|0 fnt\n|faint|p1a: Amoonguss\n|-curestatus|p1b: Dachsbun|slp|[msg]\n|move|p1b: Dachsbun|Body Press|p2a: Lilligant\n|-damage|p2a: Lilligant|37\/100\n|\n|-weather|SunnyDay|[upkeep]\n|upkeep\n|\n|t:|1682227181\n|switch|p1a: Palafin|Palafin-Hero, L50, F|100\/100\n|-activate|p1a: Palafin|ability: Zero to Hero\n|turn|4\n|\n|t:|1682227193\n|-terastallize|p1a: Palafin|Water\n|move|p2a: Lilligant|Leaf Storm|p1a: Palafin\n|-supereffective|p1a: Palafin\n|-damage|p1a: Palafin|0 fnt\n|-unboost|p2a: Lilligant|spa|2\n|faint|p1a: Palafin\n|move|p1b: Dachsbun|Body Press|p2a: Lilligant\n|-damage|p2a: Lilligant|0 fnt\n|faint|p2a: Lilligant\n|move|p2b: Torkoal|Earth Power|p1b: Dachsbun\n|-damage|p1b: Dachsbun|74\/100\n|\n|-weather|SunnyDay|[upkeep]\n|upkeep\n|\n|t:|1682227202\n|switch|p2a: Flutter Mane|Flutter Mane, L50|100\/100\n|-activate|p2a: Flutter Mane|ability: Protosynthesis\n|-start|p2a: Flutter Mane|protosynthesisspa\n|turn|5\n|\n|t:|1682227221\n|-terastallize|p2a: Flutter Mane|Fairy\n|move|p2a: Flutter Mane|Moonblast|p1b: Dachsbun\n|-damage|p1b: Dachsbun|0 fnt\n|faint|p1b: Dachsbun\n|\n|win|IronbarkVGC\n|n|\u2606Souvik23|souvik23\n|n|\u2606IronbarkVGC|ironbarkvgc\n|l|\u2606Souvik23\n","uploadtime":1682227229,"views":17,"p1id":"souvik23","p2id":"ironbarkvgc","formatid":"gen9vgc2023regulationc","rating":0,"private":0,"password":""}