{"id":"gen9vgc2023regulationc-1863267406","p1":"WestyLiam","p2":"R2VGC","format":"[Gen 9] VGC 2023 Regulation C","log":"|j|\u2606WestyLiam\n|j|\u2606R2VGC\n|t:|1683995745\n|gametype|doubles\n|player|p1|WestyLiam|hugh|1107\n|player|p2|R2VGC|102|1141\n|teamsize|p1|6\n|teamsize|p2|6\n|gen|9\n|tier|[Gen 9] VGC 2023 Regulation C\n|rated|\n|rule|Species Clause: Limit one of each Pok\u00e9mon\n|rule|Item Clause: Limit one of each item\n|clearpoke\n|poke|p1|Indeedee-F, L50, F|\n|poke|p1|Hatterene, L50, F|\n|poke|p1|Torkoal, L50, F|\n|poke|p1|Kingambit, L50, M|\n|poke|p1|Oranguru, L50, M|\n|poke|p1|Brute Bonnet, L50|\n|poke|p2|Amoonguss, L50, F|\n|poke|p2|Arcanine, L50, M|\n|poke|p2|Flutter Mane, L50|\n|poke|p2|Kingambit, L50, M|\n|poke|p2|Palafin, L50, F|\n|poke|p2|Baxcalibur, L50, M|\n|teampreview|4\n|inactive|Battle timer is ON: inactive players will automatically lose when time's up. (requested by WestyLiam)\n|inactive|WestyLiam has 60 seconds left.\n|inactive|R2VGC has 60 seconds left.\n|inactive|WestyLiam has 30 seconds left.\n|\n|t:|1683995813\n|start\n|switch|p1a: Hatterene|Hatterene, L50, F|100\/100\n|switch|p1b: Oranguru|Oranguru, L50, M|100\/100\n|switch|p2a: Flutter Mane|Flutter Mane, L50|100\/100\n|switch|p2b: Kingambit|Kingambit, L50, M|100\/100\n|-enditem|p2a: Flutter Mane|Booster Energy\n|-activate|p2a: Flutter Mane|ability: Protosynthesis|[fromitem]\n|-start|p2a: Flutter Mane|protosynthesisspe\n|turn|1\n|inactive|R2VGC has 30 seconds left.\n|inactive|R2VGC has 20 seconds left.\n|inactive|R2VGC has 15 seconds left.\n|\n|t:|1683995857\n|-terastallize|p1a: Hatterene|Fire\n|move|p2a: Flutter Mane|Shadow Ball|p1a: Hatterene\n|-damage|p1a: Hatterene|56\/100\n|-unboost|p1a: Hatterene|spd|1\n|move|p2b: Kingambit|Assurance|p1a: Hatterene\n|-damage|p1a: Hatterene|0 fnt\n|faint|p1a: Hatterene\n|move|p1b: Oranguru|Trick Room|p1b: Oranguru\n|-fieldstart|move: Trick Room|[of] p1b: Oranguru\n|\n|upkeep\n|\n|t:|1683995867\n|switch|p1a: Torkoal|Torkoal, L50, F|100\/100\n|-weather|SunnyDay|[from] ability: Drought|[of] p1a: Torkoal\n|turn|2\n|\n|t:|1683995884\n|-end|p2a: Flutter Mane|Protosynthesis|[silent]\n|switch|p2a: Arcanine|Arcanine, L50, M|100\/100\n|-ability|p2a: Arcanine|Intimidate|boost\n|-unboost|p1a: Torkoal|atk|1\n|-unboost|p1b: Oranguru|atk|1\n|-terastallize|p2b: Kingambit|Dark\n|move|p2b: Kingambit|Sucker Punch|p1a: Torkoal\n|-damage|p1a: Torkoal|52\/100\n|move|p1a: Torkoal|Eruption|p2b: Kingambit|[spread] p2a,p2b\n|-resisted|p2a: Arcanine\n|-damage|p2a: Arcanine|77\/100\n|-damage|p2b: Kingambit|53\/100\n|move|p1b: Oranguru|Instruct|p1a: Torkoal\n|-singleturn|p1a: Torkoal|move: Instruct|[of] p1b: Oranguru\n|move|p1a: Torkoal|Eruption|p2b: Kingambit|[spread] p2a,p2b\n|-resisted|p2a: Arcanine\n|-damage|p2a: Arcanine|54\/100\n|-damage|p2b: Kingambit|4\/100\n|\n|-weather|SunnyDay|[upkeep]\n|upkeep\n|turn|3\n|inactive|R2VGC has 30 seconds left.\n|inactive|WestyLiam has 30 seconds left.\n|inactive|R2VGC has 20 seconds left.\n|\n|t:|1683995921\n|move|p2a: Arcanine|Extreme Speed|p1a: Torkoal\n|-damage|p1a: Torkoal|32\/100\n|move|p2b: Kingambit|Sucker Punch|p1a: Torkoal\n|-damage|p1a: Torkoal|0 fnt\n|faint|p1a: Torkoal\n|move|p1b: Oranguru|Instruct|p1: Torkoal|[notarget]\n|-fail|p1b: Oranguru\n|\n|-weather|SunnyDay|[upkeep]\n|upkeep\n|-message|WestyLiam forfeited.\n|\n|win|R2VGC\n|raw|WestyLiam's rating: 1107 → 1084<\/strong> (-23 for losing)\n|raw|R2VGC's rating: 1141 → 1164<\/strong> (+23 for winning)\n|l|\u2606WestyLiam\n","uploadtime":1683995943,"views":13,"p1id":"westyliam","p2id":"r2vgc","formatid":"gen9vgc2023regulationc","rating":1084,"private":0,"password":""}