{"id":"gen9vgc2023regulationc-1847422241","p1":"christian_hvn","p2":"HazeOneTrick","format":"[Gen 9] VGC 2023 Regulation C","log":"|j|\u2606christian_hvn\n|j|\u2606HazeOneTrick\n|t:|1681953230\n|gametype|doubles\n|player|p1|christian_hvn|marley|\n|player|p2|HazeOneTrick|roxie|\n|teamsize|p1|6\n|teamsize|p2|6\n|gen|9\n|tier|[Gen 9] VGC 2023 Regulation C\n|rule|Species Clause: Limit one of each Pok\u00e9mon\n|rule|Item Clause: Limit one of each item\n|clearpoke\n|poke|p1|Flutter Mane, L50|\n|poke|p1|Chi-Yu, L50|\n|poke|p1|Iron Bundle, L50|\n|poke|p1|Amoonguss, L50, M|\n|poke|p1|Palafin, L50, F|\n|poke|p1|Iron Hands, L50|\n|poke|p2|Garchomp, L50, F|\n|poke|p2|Talonflame, L50, F|\n|poke|p2|Amoonguss, L50, M|\n|poke|p2|Flutter Mane, L50|\n|poke|p2|Kingambit, L50, F|\n|poke|p2|Iron Bundle, L50|\n|teampreview|4\nHazeOneTrick has agreed to open team sheets.\nchristian_hvn has agreed to open team sheets.\n|\n|t:|1681953295\n|start\n|switch|p1a: handful of bitches|Iron Hands, L50|100\/100\n|switch|p1b: IDOL|Iron Bundle, L50|100\/100\n|switch|p2a: Talonflame|Talonflame, L50, F|100\/100\n|switch|p2b: Flutter Mane|Flutter Mane, L50|100\/100\n|-enditem|p1b: IDOL|Booster Energy\n|-activate|p1b: IDOL|ability: Quark Drive|[fromitem]\n|-start|p1b: IDOL|quarkdrivespe\n|turn|1\n|inactive|Battle timer is ON: inactive players will automatically lose when time's up. (requested by HazeOneTrick)\n|\n|t:|1681953322\n|move|p2a: Talonflame|Quick Guard|p2a: Talonflame\n|-singleturn|p2a: Talonflame|Quick Guard\n|move|p1a: handful of bitches|Fake Out|p2a: Talonflame\n|-activate|p2a: Talonflame|move: Quick Guard\n|move|p1b: IDOL|Icy Wind|p2b: Flutter Mane|[spread] p2a,p2b\n|-damage|p2a: Talonflame|65\/100\n|-damage|p2b: Flutter Mane|77\/100\n|-unboost|p2a: Talonflame|spe|1\n|-unboost|p2b: Flutter Mane|spe|1\n|move|p2b: Flutter Mane|Dazzling Gleam|p1a: handful of bitches|[spread] p1a,p1b\n|-supereffective|p1a: handful of bitches\n|-damage|p1a: handful of bitches|66\/100\n|-damage|p1b: IDOL|25\/100\n|\n|upkeep\n|turn|2\n|inactive|christian_hvn has 30 seconds left.\n|\n|t:|1681953349\n|move|p1b: IDOL|Hydro Pump|p2a: Talonflame\n|-supereffective|p2a: Talonflame\n|-damage|p2a: Talonflame|0 fnt\n|faint|p2a: Talonflame\n|move|p2b: Flutter Mane|Dazzling Gleam|p1b: IDOL|[spread] p1a,p1b\n|-supereffective|p1a: handful of bitches\n|-damage|p1a: handful of bitches|33\/100\n|-damage|p1b: IDOL|0 fnt\n|faint|p1b: IDOL\n|-end|p1b: IDOL|Quark Drive|[silent]\n|move|p1a: handful of bitches|Wild Charge|p2b: Flutter Mane\n|-damage|p2b: Flutter Mane|0 fnt\n|faint|p2b: Flutter Mane\n|-end|p2b: Flutter Mane|Protosynthesis|[silent]\n|-damage|p1a: handful of bitches|23\/100|[from] Recoil\n|\n|upkeep\n|\n|t:|1681953362\n|switch|p1b: LOVE BETRAYAL|Chi-Yu, L50|100\/100\n|switch|p2a: Iron Bundle|Iron Bundle, L50|100\/100\n|switch|p2b: Garchomp|Garchomp, L50, F|100\/100\n|-ability|p1b: LOVE BETRAYAL|Beads of Ruin\n|-enditem|p2a: Iron Bundle|Booster Energy\n|-activate|p2a: Iron Bundle|ability: Quark Drive|[fromitem]\n|-start|p2a: Iron Bundle|quarkdrivespe\n|turn|3\n|inactive|HazeOneTrick has 30 seconds left.\n|\n|t:|1681953394\n|-terastallize|p2a: Iron Bundle|Flying\n|move|p1b: LOVE BETRAYAL|Protect|p1b: LOVE BETRAYAL\n|-singleturn|p1b: LOVE BETRAYAL|Protect\n|move|p2a: Iron Bundle|Icy Wind|p1a: handful of bitches|[spread] p1a\n|-activate|p1b: LOVE BETRAYAL|move: Protect\n|-crit|p1a: handful of bitches\n|-damage|p1a: handful of bitches|2\/100\n|-unboost|p1a: handful of bitches|spe|1\n|move|p2b: Garchomp|Earthquake|p1a: handful of bitches|[spread] p1a\n|-activate|p1b: LOVE BETRAYAL|move: Protect\n|-immune|p2a: Iron Bundle\n|-supereffective|p1a: handful of bitches\n|-damage|p1a: handful of bitches|0 fnt\n|faint|p1a: handful of bitches\n|-end|p1a: handful of bitches|Quark Drive|[silent]\n|-damage|p2b: Garchomp|91\/100|[from] item: Life Orb\n|\n|upkeep\n|\n|t:|1681953405\n|switch|p1a: flutter ya mane|Flutter Mane, L50|100\/100\n|turn|4\n|inactive|christian_hvn has 30 seconds left.\n|\n|t:|1681953433\n|-terastallize|p1b: LOVE BETRAYAL|Ghost\n|move|p2a: Iron Bundle|Icy Wind|p1a: flutter ya mane|[spread] p1a,p1b\n|-crit|p1b: LOVE BETRAYAL\n|-damage|p1a: flutter ya mane|77\/100\n|-damage|p1b: LOVE BETRAYAL|70\/100\n|-unboost|p1a: flutter ya mane|spe|1\n|-unboost|p1b: LOVE BETRAYAL|spe|1\n|move|p2b: Garchomp|Earthquake|p1a: flutter ya mane|[spread] p1a,p1b\n|-immune|p2a: Iron Bundle\n|-damage|p1a: flutter ya mane|0 fnt\n|-damage|p1b: LOVE BETRAYAL|0 fnt\n|faint|p1a: flutter ya mane\n|-end|p1a: flutter ya mane|Protosynthesis|[silent]\n|faint|p1b: LOVE BETRAYAL\n|-damage|p2b: Garchomp|81\/100|[from] item: Life Orb\n|\n|win|HazeOneTrick\n|c|\u2606christian_hvn|ggwp\n","uploadtime":1681953447,"views":13,"p1id":"christianhvn","p2id":"hazeonetrick","formatid":"gen9vgc2023regulationc","rating":0,"private":0,"password":""}