{"id":"gen9vgc2023regulationc-1849470395","p1":"Blur123","p2":"CJMTT","format":"[Gen 9] VGC 2023 Regulation C","log":"|j|\u2606Blur123\n|j|\u2606CJMTT\n|t:|1682202217\n|gametype|doubles\n|player|p1|Blur123|169|1310\n|player|p2|CJMTT|ethan|1333\n|teamsize|p1|6\n|teamsize|p2|6\n|gen|9\n|tier|[Gen 9] VGC 2023 Regulation C\n|rated|\n|rule|Species Clause: Limit one of each Pok\u00e9mon\n|rule|Item Clause: Limit one of each item\n|clearpoke\n|poke|p1|Tinkaton, L50, F|\n|poke|p1|Gyarados, L50, F|\n|poke|p1|Ceruledge, L50, F|\n|poke|p1|Arboliva, L50, F|\n|poke|p1|Grimmsnarl, L50, M|\n|poke|p1|Flutter Mane, L50|\n|poke|p2|Amoonguss, L50, F|\n|poke|p2|Chien-Pao, L50|\n|poke|p2|Dragonite, L50, F|\n|poke|p2|Arcanine, L50, F|\n|poke|p2|Annihilape, L50, F|\n|poke|p2|Maushold, L50|\n|teampreview|4\n|inactive|Battle timer is ON: inactive players will automatically lose when time's up. (requested by CJMTT)\n|inactive|Blur123 has 60 seconds left.\n|inactive|CJMTT has 60 seconds left.\nBlur123 rejected open team sheets.\n|\n|t:|1682202283\n|start\n|switch|p1a: Tinkaton|Tinkaton, L50, F|100\/100\n|switch|p1b: Gyarados|Gyarados, L50, F|100\/100\n|switch|p2a: Annihilape|Annihilape, L50, F|100\/100\n|switch|p2b: Maushold|Maushold, L50|100\/100\n|-ability|p1a: Tinkaton|Mold Breaker\n|-ability|p1b: Gyarados|Intimidate|boost\n|-unboost|p2a: Annihilape|atk|1\n|-ability|p2a: Annihilape|Defiant|boost\n|-boost|p2a: Annihilape|atk|2\n|-enditem|p1b: Gyarados|Mirror Herb\n|-boost|p1b: Gyarados|atk|2|[from] item: Mirror Herb\n|-unboost|p2b: Maushold|atk|1\n|turn|1\n|inactive|Blur123 has 30 seconds left.\n|inactive|CJMTT has 30 seconds left.\n|inactive|Blur123 has 20 seconds left.\n|inactive|Blur123 has 15 seconds left.\n|inactive|CJMTT has 20 seconds left.\n|inactive|Blur123 has 10 seconds left.\n|\n|t:|1682202330\n|move|p1a: Tinkaton|Fake Out|p2b: Maushold\n|-damage|p2b: Maushold|92\/100\n|cant|p2b: Maushold|flinch\n|move|p1b: Gyarados|Waterfall|p2a: Annihilape\n|-damage|p2a: Annihilape|34\/100\n|cant|p2a: Annihilape|flinch\n|\n|-heal|p2a: Annihilape|40\/100|[from] item: Leftovers\n|upkeep\n|turn|2\n|\n|t:|1682202352\n|-terastallize|p1a: Tinkaton|Flying\n|move|p2b: Maushold|Follow Me|p2b: Maushold\n|-singleturn|p2b: Maushold|move: Follow Me\n|move|p1a: Tinkaton|Gigaton Hammer|p2b: Maushold\n|-damage|p2b: Maushold|43\/100\n|move|p1b: Gyarados|Earthquake|p2a: Annihilape|[spread] p2a,p2b\n|-immune|p1a: Tinkaton\n|-crit|p2a: Annihilape\n|-damage|p2a: Annihilape|0 fnt\n|-damage|p2b: Maushold|0 fnt\n|faint|p2a: Annihilape\n|faint|p2b: Maushold\n|\n|upkeep\n|-message|CJMTT forfeited.\n|\n|win|Blur123\n|raw|Blur123's rating: 1310 → 1331<\/strong> (+21 for winning)\n|raw|CJMTT's rating: 1333 → 1312<\/strong> (-21 for losing)\n|l|\u2606CJMTT\n","uploadtime":1682202373,"views":4,"p1id":"blur123","p2id":"cjmtt","formatid":"gen9vgc2023regulationc","rating":1312,"private":0,"password":""}