{"id":"gen9vgc2023regulationc-1847742853","p1":"pss7","p2":"pokeguillem","format":"[Gen 9] VGC 2023 Regulation C","log":"|j|\u2606pss7\n|j|\u2606pokeguillem\n|t:|1681998140\n|gametype|doubles\n|player|p1|pss7|102|1030\n|player|p2|pokeguillem|266|1067\n|teamsize|p1|6\n|teamsize|p2|6\n|gen|9\n|tier|[Gen 9] VGC 2023 Regulation C\n|rated|\n|rule|Species Clause: Limit one of each Pok\u00e9mon\n|rule|Item Clause: Limit one of each item\n|clearpoke\n|poke|p1|Chien-Pao, L50|\n|poke|p1|Flutter Mane, L50|\n|poke|p1|Amoonguss, L50, F|\n|poke|p1|Palafin, L50, F|\n|poke|p1|Arcanine, L50, F|\n|poke|p1|Dragapult, L50, F|\n|poke|p2|Torkoal, L50, M|\n|poke|p2|Lilligant, L50, F|\n|poke|p2|Chi-Yu, L50|\n|poke|p2|Indeedee-F, L50, F|\n|poke|p2|Hatterene, L50, F|\n|poke|p2|Iron Hands, L50|\n|teampreview|4\n|\n|t:|1681998198\n|start\n|switch|p1a: Palafin|Palafin, L50, F|100\/100\n|switch|p1b: Amoonguss|Amoonguss, L50, F|100\/100\n|switch|p2a: Hatterene|Hatterene, L50, F|100\/100\n|switch|p2b: Indeedee|Indeedee-F, L50, F|100\/100\n|-fieldstart|move: Psychic Terrain|[from] ability: Psychic Surge|[of] p2b: Indeedee\n|-enditem|p2b: Indeedee|Psychic Seed\n|-boost|p2b: Indeedee|spd|1|[from] item: Psychic Seed\n|turn|1\n|c|\u2606pokeguillem|gl!\n|inactive|Battle timer is ON: inactive players will automatically lose when time's up. (requested by pss7)\n|\n|t:|1681998228\n|detailschange|p1a: Palafin|Palafin-Hero, L50, F\n|switch|p1a: Flutter Mane|Flutter Mane, L50|100\/100\n|-enditem|p1a: Flutter Mane|Booster Energy\n|-activate|p1a: Flutter Mane|ability: Protosynthesis|[fromitem]\n|-start|p1a: Flutter Mane|protosynthesisspa\n|move|p2b: Indeedee|Psychic|p1a: Flutter Mane\n|-damage|p1a: Flutter Mane|60\/100\n|-unboost|p1a: Flutter Mane|spd|1\n|move|p1b: Amoonguss|Spore|p2a: Hatterene\n|move|p2a: Hatterene|Spore|p1b: Amoonguss|[from]ability: Magic Bounce\n|-immune|p1b: Amoonguss\n|move|p2a: Hatterene|Trick Room|p2a: Hatterene\n|-fieldstart|move: Trick Room|[of] p2a: Hatterene\n|\n|upkeep\n|turn|2\n|\n|t:|1681998248\n|move|p1b: Amoonguss|Rage Powder|p1b: Amoonguss\n|-singleturn|p1b: Amoonguss|move: Rage Powder\n|move|p2a: Hatterene|Psychic|p1b: Amoonguss\n|-supereffective|p1b: Amoonguss\n|-damage|p1b: Amoonguss|0 fnt\n|faint|p1b: Amoonguss\n|-damage|p2a: Hatterene|91\/100|[from] item: Life Orb\n|move|p2b: Indeedee|Psychic|p1a: Flutter Mane\n|-damage|p1a: Flutter Mane|0 fnt\n|faint|p1a: Flutter Mane\n|-end|p1a: Flutter Mane|Protosynthesis|[silent]\n|\n|upkeep\n|-message|pss7 forfeited.\n|\n|win|pokeguillem\n|raw|pss7's rating: 1030 → 1017<\/strong> (-13 for losing)\n|raw|pokeguillem's rating: 1067 → 1094<\/strong> (+27 for winning)\n|l|\u2606pss7\n|c|\u2606pokeguillem|gg!\n","uploadtime":1681998278,"views":9,"p1id":"pss7","p2id":"pokeguillem","formatid":"gen9vgc2023regulationc","rating":1017,"private":0,"password":""}