{"id":"gen9vgc2023regulationc-1853201564","p1":"jzisinsns","p2":"marvinthegamer","format":"[Gen 9] VGC 2023 Regulation C","log":"|j|\u2606jzisinsns\n|j|\u2606marvinthegamer\n|t:|1682647897\n|gametype|doubles\n|player|p1|jzisinsns|101|1048\n|player|p2|marvinthegamer|bugsy|1128\n|teamsize|p1|6\n|teamsize|p2|6\n|gen|9\n|tier|[Gen 9] VGC 2023 Regulation C\n|rated|\n|rule|Species Clause: Limit one of each Pok\u00e9mon\n|rule|Item Clause: Limit one of each item\n|clearpoke\n|poke|p1|Amoonguss, L50, F|\n|poke|p1|Palafin, L50, M|\n|poke|p1|Tauros-Paldea-Blaze, L50, M|\n|poke|p1|Flutter Mane, L50|\n|poke|p1|Sandy Shocks, L50|\n|poke|p1|Bombirdier, L50, M|\n|poke|p2|Barraskewda, L50, M|\n|poke|p2|Pelipper, L50, F|\n|poke|p2|Amoonguss, L50, M|\n|poke|p2|Annihilape, L50, F|\n|poke|p2|Ting-Lu, L50|\n|poke|p2|Roaring Moon, L50|\n|teampreview|4\n|inactive|Battle timer is ON: inactive players will automatically lose when time's up. (requested by marvinthegamer)\n|inactive|jzisinsns has 60 seconds left.\n|inactive|jzisinsns has 30 seconds left.\n|inactive|jzisinsns has 20 seconds left.\n|\n|t:|1682647987\n|start\n|switch|p1a: Amoonguss|Amoonguss, L50, F|100\/100\n|switch|p1b: Sandy Shocks|Sandy Shocks, L50|100\/100\n|switch|p2a: Barraskewda|Barraskewda, L50, M|100\/100\n|switch|p2b: Pelipper|Pelipper, L50, F|100\/100\n|-weather|RainDance|[from] ability: Drizzle|[of] p2b: Pelipper\n|turn|1\n|\n|t:|1682647997\n|-terastallize|p1a: Amoonguss|Water\n|move|p1a: Amoonguss|Rage Powder|p1a: Amoonguss\n|-singleturn|p1a: Amoonguss|move: Rage Powder\n|move|p2a: Barraskewda|Liquidation|p1b: Sandy Shocks\n|-supereffective|p1b: Sandy Shocks\n|-damage|p1b: Sandy Shocks|0 fnt\n|faint|p1b: Sandy Shocks\n|-end|p1b: Sandy Shocks|Protosynthesis|[silent]\n|move|p2b: Pelipper|Tailwind|p2b: Pelipper\n|-sidestart|p2: marvinthegamer|move: Tailwind\n|\n|-weather|RainDance|[upkeep]\n|-damage|p1a: Amoonguss|88\/100|[from] item: Black Sludge\n|upkeep\n|-message|jzisinsns forfeited.\n|\n|win|marvinthegamer\n|raw|jzisinsns's rating: 1032 → 1021<\/strong> (-11 for losing)\n|raw|marvinthegamer's rating: 1128 → 1146<\/strong> (+18 for winning)\n|l|\u2606jzisinsns\n","uploadtime":1682648021,"views":2,"p1id":"jzisinsns","p2id":"marvinthegamer","formatid":"gen9vgc2023regulationc","rating":1021,"private":0,"password":""}