{"id":"gen9vgc2023regulationc-1857475432","p1":"Ting-luKUN","p2":"Gabriele gervasi","format":"[Gen 9] VGC 2023 Regulation C","log":"|j|\u2606Ting-luKUN\n|j|\u2606Gabriele gervasi\n|t:|1683198864\n|gametype|doubles\n|player|p1|Ting-luKUN|266|1539\n|player|p2|Gabriele gervasi|265|1581\n|teamsize|p1|6\n|teamsize|p2|6\n|gen|9\n|tier|[Gen 9] VGC 2023 Regulation C\n|rated|\n|rule|Species Clause: Limit one of each Pok\u00e9mon\n|rule|Item Clause: Limit one of each item\n|clearpoke\n|poke|p1|Ting-Lu, L50|\n|poke|p1|Gyarados, L50, M|\n|poke|p1|Iron Bundle, L50|\n|poke|p1|Dragonite, L50, M|\n|poke|p1|Flutter Mane, L50|\n|poke|p1|Amoonguss, L50, F|\n|poke|p2|Torkoal, L50, M|\n|poke|p2|Wo-Chien, L50|\n|poke|p2|Jumpluff, L50, M|\n|poke|p2|Roaring Moon, L50|\n|poke|p2|Chi-Yu, L50|\n|poke|p2|Flutter Mane, L50|\n|teampreview|4\n|j| REDSLee\n|\n|t:|1683198923\n|start\n|switch|p1a: Ting-Lu|Ting-Lu, L50|100\/100\n|switch|p1b: Dragonite|Dragonite, L50, M|100\/100\n|switch|p2a: Wo-Chien|Wo-Chien, L50|100\/100\n|switch|p2b: Flutter Mane|Flutter Mane, L50|100\/100\n|-ability|p1a: Ting-Lu|Vessel of Ruin\n|-ability|p2a: Wo-Chien|Tablets of Ruin\n|turn|1\n|\n|t:|1683198946\n|-terastallize|p1b: Dragonite|Flying\n|-terastallize|p2b: Flutter Mane|Grass\n|move|p1b: Dragonite|Tera Blast|p2a: Wo-Chien\n|-supereffective|p2a: Wo-Chien\n|-damage|p2a: Wo-Chien|0 fnt\n|faint|p2a: Wo-Chien\n|move|p1a: Ting-Lu|Earthquake|p2b: Flutter Mane|[spread] p2b\n|-immune|p1b: Dragonite\n|-resisted|p2b: Flutter Mane\n|-damage|p2b: Flutter Mane|79\/100\n|move|p2b: Flutter Mane|Trick Room|p2b: Flutter Mane\n|-fieldstart|move: Trick Room|[of] p2b: Flutter Mane\n|\n|upkeep\n|\n|t:|1683198958\n|switch|p2a: Torkoal|Torkoal, L50, M|100\/100\n|-weather|SunnyDay|[from] ability: Drought|[of] p2a: Torkoal\n|-activate|p2b: Flutter Mane|ability: Protosynthesis\n|-start|p2b: Flutter Mane|protosynthesisspa\n|turn|2\n|\n|t:|1683198970\n|move|p2a: Torkoal|Eruption|p1a: Ting-Lu|[spread] p1a,p1b\n|-damage|p1a: Ting-Lu|58\/100\n|-damage|p1b: Dragonite|59\/100\n|move|p2b: Flutter Mane|Dazzling Gleam|p1a: Ting-Lu|[spread] p1a,p1b\n|-supereffective|p1a: Ting-Lu\n|-damage|p1a: Ting-Lu|31\/100\n|-damage|p1b: Dragonite|30\/100\n|move|p1a: Ting-Lu|Earthquake|p2a: Torkoal|[spread] p2a,p2b\n|-immune|p1b: Dragonite\n|-supereffective|p2a: Torkoal\n|-resisted|p2b: Flutter Mane\n|-damage|p2a: Torkoal|42\/100\n|-damage|p2b: Flutter Mane|59\/100\n|move|p1b: Dragonite|Tera Blast|p2b: Flutter Mane\n|-supereffective|p2b: Flutter Mane\n|-damage|p2b: Flutter Mane|0 fnt\n|faint|p2b: Flutter Mane\n|-end|p2b: Flutter Mane|Protosynthesis|[silent]\n|\n|-weather|SunnyDay|[upkeep]\n|upkeep\n|\n|t:|1683198985\n|switch|p2b: Chi-Yu|Chi-Yu, L50|100\/100\n|-ability|p2b: Chi-Yu|Beads of Ruin\n|turn|3\n|\n|t:|1683199001\n|switch|p1b: Amoonguss|Amoonguss, L50, F|100\/100\n|move|p2a: Torkoal|Eruption|p1a: Ting-Lu|[spread] p1a,p1b\n|-supereffective|p1b: Amoonguss\n|-damage|p1a: Ting-Lu|8\/100\n|-damage|p1b: Amoonguss|13\/100\n|-enditem|p1b: Amoonguss|Sitrus Berry|[eat]\n|-heal|p1b: Amoonguss|38\/100|[from] item: Sitrus Berry\n|move|p1a: Ting-Lu|Earthquake|p2b: Chi-Yu|[spread] p1b,p2a,p2b\n|-supereffective|p2a: Torkoal\n|-supereffective|p2b: Chi-Yu\n|-damage|p1b: Amoonguss|11\/100\n|-damage|p2a: Torkoal|0 fnt\n|-damage|p2b: Chi-Yu|9\/100\n|faint|p2a: Torkoal\n|move|p2b: Chi-Yu|Flamethrower|p1a: Ting-Lu\n|-crit|p1a: Ting-Lu\n|-damage|p1a: Ting-Lu|0 fnt\n|faint|p1a: Ting-Lu\n|\n|-weather|SunnyDay|[upkeep]\n|upkeep\n|\n|t:|1683199008\n|switch|p1a: Dragonite|Dragonite, L50, M, tera:Flying|30\/100\n|turn|4\n|\n|t:|1683199020\n|move|p1a: Dragonite|Extreme Speed|p2b: Chi-Yu\n|-damage|p2b: Chi-Yu|0 fnt\n|faint|p2b: Chi-Yu\n|\n|win|Ting-luKUN\n|raw|Ting-luKUN's rating: 1539 → 1561<\/strong> (+22 for winning)\n|raw|Gabriele gervasi's rating: 1581 → 1559<\/strong> (-22 for losing)\n|l|\u2606Gabriele gervasi\n|l| REDSLee\n|l|\u2606Ting-luKUN\n|j| REDSLee\n","uploadtime":1683199085,"views":11,"p1id":"tinglukun","p2id":"gabrielegervasi","formatid":"gen9vgc2023regulationc","rating":1559,"private":0,"password":""}