{"id":"gen9vgc2023regulationc-1853121178","p1":"mugiwaraLux","p2":"mafumafusimpsimp","format":"[Gen 9] VGC 2023 Regulation C","log":"|j|\u2606mugiwaraLux\n|j|\u2606mafumafusimpsimp\n|t:|1682637704\n|gametype|doubles\n|player|p1|mugiwaraLux|1|\n|player|p2|mafumafusimpsimp|crasherwake|\n|teamsize|p1|6\n|teamsize|p2|6\n|gen|9\n|tier|[Gen 9] VGC 2023 Regulation C\n|rated|Tournament battle\n|rule|Species Clause: Limit one of each Pok\u00e9mon\n|rule|Item Clause: Limit one of each item\n|clearpoke\n|poke|p1|Palafin, L50, F|\n|poke|p1|Amoonguss, L50, F|\n|poke|p1|Flutter Mane, L50|\n|poke|p1|Arcanine, L50, F|\n|poke|p1|Chien-Pao, L50|\n|poke|p1|Roaring Moon, L50|\n|poke|p2|Breloom, L50, M|\n|poke|p2|Chien-Pao, L50|\n|poke|p2|Flutter Mane, L50|\n|poke|p2|Kingambit, L50, F|\n|poke|p2|Iron Hands, L50|\n|poke|p2|Iron Bundle, L50|\n|teampreview|4\n|raw| Open Team Sheet for mugiwaraLux<\/summary>Palafin @ Mystic Water Ability: Zero to Hero Level: 50 Tera Type: Water - Jet Punch - Wave Crash - Protect - Haze Amoonguss @ Sitrus Berry Ability: Regenerator Level: 50 Tera Type: Water - Pollen Puff - Spore - Rage Powder - Protect Mimi (Flutter Mane) @ Choice Specs Ability: Protosynthesis Level: 50 Tera Type: Fairy - Moonblast - Dazzling Gleam - Shadow Ball - Thunderbolt Arcanine @ Safety Goggles Ability: Intimidate Level: 50 Tera Type: Flying - Extreme Speed - Will-O-Wisp - Protect - Flare Blitz Chien-Pao @ Focus Sash Ability: Sword of Ruin Level: 50 Tera Type: Ghost - Ice Spinner - Sucker Punch - Sacred Sword - Protect Roaring Moon @ Booster Energy Ability: Protosynthesis Level: 50 Tera Type: Flying - Acrobatics - Throat Chop - Dragon Dance - Protect <\/details><\/div> Open Team Sheet for mafumafusimpsimp<\/summary>Breloom @ Focus Sash Ability: Technician Level: 50 Tera Type: Fighting - Bullet Seed - Mach Punch - Rock Tomb - Spore Chien-Pao @ Life Orb Ability: Sword of Ruin Level: 50 Tera Type: Ghost - Protect - Ice Spinner - Sucker Punch - Sacred Sword Flutter Mane @ Booster Energy Ability: Protosynthesis Level: 50 Tera Type: Fairy - Dazzling Gleam - Moonblast - Shadow Ball - Protect Kingambit @ Safety Goggles Ability: Defiant Level: 50 Tera Type: Flying - Tera Blast - Iron Head - Swords Dance - Sucker Punch Iron Hands @ Clear Amulet Ability: Quark Drive Level: 50 Tera Type: Fire - Swords Dance - Drain Punch - Thunder Punch - Protect Iron Bundle @ Covert Cloak Ability: Quark Drive Level: 50 Tera Type: Ice - Icy Wind - Freeze-Dry - Hydro Pump - Encore <\/details><\/div>\n|inactive|Battle timer is ON: inactive players will automatically lose when time's up. (requested by mugiwaraLux)\n|c|\u2606mafumafusimpsimp|glhf\n|c|\u2606mugiwaraLux|u02\n|inactive|mugiwaraLux has 60 seconds left.\n|c|\u2606mafumafusimpsimp|u03\n|\n|t:|1682637758\n|start\n|switch|p1a: Chien-Pao|Chien-Pao, L50|100\/100\n|switch|p1b: Amoonguss|Amoonguss, L50, F|100\/100\n|switch|p2a: Iron Hands|Iron Hands, L50|100\/100\n|switch|p2b: Kingambit|Kingambit, L50, F|100\/100\n|-ability|p1a: Chien-Pao|Sword of Ruin\n|turn|1\n|inactive|mafumafusimpsimp has 30 seconds left.\n|\n|t:|1682637786\n|-terastallize|p2b: Kingambit|Flying\n|-terastallize|p1b: Amoonguss|Water\n|move|p1a: Chien-Pao|Protect|p1a: Chien-Pao\n|-singleturn|p1a: Chien-Pao|Protect\n|move|p2a: Iron Hands|Protect|p2a: Iron Hands\n|-singleturn|p2a: Iron Hands|Protect\n|move|p2b: Kingambit|Iron Head|p1a: Chien-Pao\n|-activate|p1a: Chien-Pao|move: Protect\n|move|p1b: Amoonguss|Spore|p2b: Kingambit\n|-activate|p2b: Kingambit|item: Safety Goggles|Spore\n|\n|upkeep\n|turn|2\n|inactive|mugiwaraLux has 30 seconds left.\n|inactive|mugiwaraLux has 20 seconds left.\n|inactive|mugiwaraLux has 15 seconds left.\n|inactive|mugiwaraLux has 10 seconds left.\n|inactive|mugiwaraLux has 5 seconds left.\n|\n|t:|1682637838\n|switch|p1a: Mimi|Flutter Mane, L50|100\/100\n|switch|p2b: Iron Bundle|Iron Bundle, L50|100\/100\n|move|p2a: Iron Hands|Drain Punch|p1a: Mimi\n|-immune|p1a: Mimi\n|move|p1b: Amoonguss|Spore|p2a: Iron Hands\n|-status|p2a: Iron Hands|slp|[from] move: Spore\n|\n|upkeep\n|turn|3\n|inactive|mafumafusimpsimp has 30 seconds left.\n|\n|t:|1682637865\n|-end|p2a: Iron Hands|Quark Drive|[silent]\n|switch|p2a: Kingambit|Kingambit, L50, F, tera:Flying|100\/100\n|switch|p1b: Arcanine|Arcanine, L50, F|100\/100\n|-ability|p1b: Arcanine|Intimidate|boost\n|-unboost|p2a: Kingambit|atk|1\n|-ability|p2a: Kingambit|Defiant|boost\n|-boost|p2a: Kingambit|atk|2\n|-unboost|p2b: Iron Bundle|atk|1\n|move|p2b: Iron Bundle|Freeze-Dry|p1b: Arcanine\n|-resisted|p1b: Arcanine\n|-damage|p1b: Arcanine|85\/100\n|move|p1a: Mimi|Thunderbolt|p2b: Iron Bundle\n|-supereffective|p2b: Iron Bundle\n|-damage|p2b: Iron Bundle|0 fnt\n|faint|p2b: Iron Bundle\n|-end|p2b: Iron Bundle|Quark Drive|[silent]\n|\n|upkeep\n|\n|t:|1682637878\n|switch|p2b: Breloom|Breloom, L50, M|100\/100\n|turn|4\n|\n|t:|1682637899\n|-end|p1a: Mimi|Protosynthesis|[silent]\n|switch|p1a: Amoonguss|Amoonguss, L50, F, tera:Water|100\/100\n|move|p2a: Kingambit|Sucker Punch||[still]\n|-fail|p2a: Kingambit\n|move|p2b: Breloom|Rock Tomb|p1b: Arcanine|[miss]\n|-miss|p2b: Breloom|p1b: Arcanine\n|move|p1b: Arcanine|Will-O-Wisp|p2a: Kingambit\n|-status|p2a: Kingambit|brn\n|\n|-damage|p2a: Kingambit|95\/100 brn|[from] brn\n|upkeep\n|turn|5\n|inactive|mafumafusimpsimp has 30 seconds left.\n|inactive|mafumafusimpsimp has 20 seconds left.\n|j| bombastic side eye\n|inactive|mafumafusimpsimp has 15 seconds left.\n|inactive|mafumafusimpsimp has 10 seconds left.\n|\n|t:|1682637948\n|move|p2b: Breloom|Spore|p1a: Amoonguss\n|-status|p1a: Amoonguss|slp|[from] move: Spore\n|move|p1b: Arcanine|Flare Blitz|p2b: Breloom\n|-supereffective|p2b: Breloom\n|-enditem|p2b: Breloom|Focus Sash\n|-damage|p2b: Breloom|1\/100\n|-damage|p1b: Arcanine|62\/100|[from] Recoil\n|move|p2a: Kingambit|Swords Dance|p2a: Kingambit\n|-boost|p2a: Kingambit|atk|2\n|cant|p1a: Amoonguss|slp\n|\n|-damage|p2a: Kingambit|89\/100 brn|[from] brn\n|upkeep\n|turn|6\n|\n|t:|1682637966\n|switch|p2b: Iron Hands|Iron Hands, L50|100\/100 slp\n|move|p1b: Arcanine|Extreme Speed|p2b: Iron Hands\n|-damage|p2b: Iron Hands|85\/100 slp\n|move|p2a: Kingambit|Tera Blast|p1b: Arcanine\n|-damage|p1b: Arcanine|1\/100\n|-curestatus|p1a: Amoonguss|slp|[msg]\n|move|p1a: Amoonguss|Pollen Puff|p1b: Arcanine\n|-heal|p1b: Arcanine|51\/100\n|\n|-damage|p2a: Kingambit|83\/100 brn|[from] brn\n|upkeep\n|turn|7\n|c|\u2606mafumafusimpsimp|;-;\n|inactive|mugiwaraLux has 30 seconds left.\n|inactive|mafumafusimpsimp has 30 seconds left.\n|c|\u2606mugiwaraLux|:)\n|c|\u2606mugiwaraLux|hes a good boy\n|inactive|mafumafusimpsimp has 20 seconds left.\n|inactive|mafumafusimpsimp has 15 seconds left.\n|inactive|mafumafusimpsimp has 10 seconds left.\n|c|\u2606mafumafusimpsimp|im not gonna complain about u being lucky actually\n|inactive|mafumafusimpsimp has 5 seconds left.\n|\n|t:|1682638016\n|move|p1b: Arcanine|Flare Blitz|p2a: Kingambit\n|-damage|p2a: Kingambit|46\/100 brn\n|-damage|p1b: Arcanine|38\/100|[from] Recoil\n|move|p2a: Kingambit|Tera Blast|p1b: Arcanine\n|-damage|p1b: Arcanine|0 fnt\n|faint|p1b: Arcanine\n|cant|p2b: Iron Hands|slp\n|move|p1a: Amoonguss|Pollen Puff|p2b: Iron Hands\n|-resisted|p2b: Iron Hands\n|-damage|p2b: Iron Hands|78\/100 slp\n|\n|-damage|p2a: Kingambit|41\/100 brn|[from] brn\n|upkeep\n|c|\u2606mafumafusimpsimp|becuz im usually getting lucky lol\n|\n|t:|1682638032\n|switch|p1b: Mimi|Flutter Mane, L50|100\/100\n|turn|8\n|\n|t:|1682638047\n|move|p1a: Amoonguss|Rage Powder|p1a: Amoonguss\n|-singleturn|p1a: Amoonguss|move: Rage Powder\n|move|p2a: Kingambit|Sucker Punch|p1b: Mimi\n|-damage|p1b: Mimi|29\/100\n|move|p1b: Mimi|Moonblast|p2a: Kingambit\n|-crit|p2a: Kingambit\n|-damage|p2a: Kingambit|0 fnt\n|faint|p2a: Kingambit\n|cant|p2b: Iron Hands|slp\n|\n|upkeep\n|\n|t:|1682638053\n|switch|p2a: Breloom|Breloom, L50, M|1\/100\n|turn|9\n|\n|t:|1682638067\n|move|p2a: Breloom|Mach Punch|p1a: Amoonguss\n|-damage|p1a: Amoonguss|71\/100\n|move|p1b: Mimi|Moonblast|p2b: Iron Hands\n|-supereffective|p2b: Iron Hands\n|-damage|p2b: Iron Hands|0 fnt\n|faint|p2b: Iron Hands\n|-end|p2b: Iron Hands|Quark Drive|[silent]\n|move|p1a: Amoonguss|Pollen Puff|p2a: Breloom\n|-damage|p2a: Breloom|0 fnt\n|faint|p2a: Breloom\n|\n|win|mugiwaraLux\n|n|\u2606mugiwaraLux|mugiwaralux\n|n|\u2606mafumafusimpsimp|mafumafusimpsimp\n|n| bombastic side eye|bombasticsideeye\n|c|\u2606mafumafusimpsimp|gg\n|c|\u2606mugiwaraLux|gg\n|l|\u2606mafumafusimpsimp\n","uploadtime":1682638081,"views":10,"p1id":"mugiwaralux","p2id":"mafumafusimpsimp","formatid":"gen9vgc2023regulationc","rating":0,"private":0,"password":""}