{"id":"gen9vgc2023regulationc-1854973647","p1":"PBBellossom","p2":"EpicRedditor69","format":"[Gen 9] VGC 2023 Regulation C","log":"|j|\u2606PBBellossom\n|j|\u2606EpicRedditor69\n|t:|1682886611\n|gametype|doubles\n|player|p1|PBBellossom|hilbert|1480\n|player|p2|EpicRedditor69|265|1414\n|teamsize|p1|6\n|teamsize|p2|6\n|gen|9\n|tier|[Gen 9] VGC 2023 Regulation C\n|rated|\n|rule|Species Clause: Limit one of each Pok\u00e9mon\n|rule|Item Clause: Limit one of each item\n|clearpoke\n|poke|p1|Murkrow, L50, M|\n|poke|p1|Great Tusk, L50|\n|poke|p1|Flutter Mane, L50|\n|poke|p1|Chi-Yu, L50|\n|poke|p1|Brute Bonnet, L50|\n|poke|p1|Iron Bundle, L50|\n|poke|p2|Zoroark, L50, F|\n|poke|p2|Chien-Pao, L50|\n|poke|p2|Azumarill, L50, F|\n|poke|p2|Sableye, L50, M|\n|poke|p2|Flamigo, L50, M|\n|poke|p2|Indeedee-F, L50, F|\n|teampreview|4\n|inactive|Battle timer is ON: inactive players will automatically lose when time's up. (requested by EpicRedditor69)\n|inactive|PBBellossom also wants the timer to be on.\nPBBellossom has agreed to open team sheets.\n|\n|t:|1682886635\n|start\n|switch|p1a: Flutter Mane|Flutter Mane, L50|100\/100\n|switch|p1b: Chi-Yu|Chi-Yu, L50|100\/100\n|switch|p2a: Chungu|Azumarill, L50, F|100\/100\n|switch|p2b: Indeedee|Indeedee-F, L50, F|100\/100\n|-ability|p1b: Chi-Yu|Beads of Ruin\n|turn|1\n|c|\u2606PBBellossom|an indeedee w\/o psychic terrain? hmmmm seems fishy\n|inactive|PBBellossom has 30 seconds left.\n|inactive|PBBellossom has 20 seconds left.\n|inactive|PBBellossom has 15 seconds left.\n|inactive|PBBellossom has 10 seconds left.\n|\n|t:|1682886681\n|-terastallize|p1a: Flutter Mane|Fairy\n|move|p2b: Indeedee|Follow Me|p2b: Indeedee\n|-singleturn|p2b: Indeedee|move: Follow Me\n|move|p1a: Flutter Mane|Dazzling Gleam|p2a: Chungu|[spread] p2a,p2b\n|-damage|p2a: Chungu|23\/100\n|-damage|p2b: Indeedee|30\/100\n|-enditem|p2a: Chungu|Sitrus Berry|[eat]\n|-heal|p2a: Chungu|48\/100|[from] item: Sitrus Berry\n|move|p1b: Chi-Yu|Heat Wave|p2b: Indeedee|[spread] p2a,p2b\n|-resisted|p2a: Chungu\n|-damage|p2a: Chungu|23\/100\n|-damage|p2b: Indeedee|0 fnt\n|faint|p2b: Indeedee\n|move|p2a: Chungu|Belly Drum||[still]\n|-fail|p2a: Chungu\n|\n|upkeep\n|c|\u2606PBBellossom|ope lol i got got\n|\n|t:|1682886696\n|switch|p2b: Piao piao|Chien-Pao, L50|100\/100\n|-ability|p2b: Piao piao|Sword of Ruin\n|turn|2\n|\n|t:|1682886704\n|move|p2a: Chungu|Aqua Jet|p1a: Flutter Mane\n|-damage|p1a: Flutter Mane|56\/100\n|move|p2b: Piao piao|Sacred Sword|p1b: Chi-Yu\n|-supereffective|p1b: Chi-Yu\n|-enditem|p1b: Chi-Yu|Focus Sash\n|-damage|p1b: Chi-Yu|1\/100\n|move|p1a: Flutter Mane|Dazzling Gleam|p2b: Piao piao|[spread] p2a,p2b\n|-supereffective|p2b: Piao piao\n|-damage|p2a: Chungu|0 fnt\n|-enditem|p2b: Piao piao|Focus Sash\n|-damage|p2b: Piao piao|1\/100\n|faint|p2a: Chungu\n|move|p1b: Chi-Yu|Heat Wave|p2b: Piao piao\n|-supereffective|p2b: Piao piao\n|-damage|p2b: Piao piao|0 fnt\n|faint|p2b: Piao piao\n|\n|upkeep\n|-message|EpicRedditor69 forfeited.\n|\n|win|PBBellossom\n|raw|PBBellossom's rating: 1480 → 1496<\/strong> (+16 for winning)\n|raw|EpicRedditor69's rating: 1414 → 1398<\/strong> (-16 for losing)\n|l|\u2606EpicRedditor69\n","uploadtime":1682886726,"views":6,"p1id":"pbbellossom","p2id":"epicredditor69","formatid":"gen9vgc2023regulationc","rating":1398,"private":0,"password":""}