{"id":"gen9vgc2023regulationc-1846529897","p1":"Drakorv","p2":"Ventusroxasxiii","format":"[Gen 9] VGC 2023 Regulation C","log":"|j|\u2606Drakorv\n|j|\u2606Ventusroxasxiii\n|t:|1681848785\n|gametype|doubles\n|player|p1|Drakorv|265|1238\n|player|p2|Ventusroxasxiii|101|1181\n|teamsize|p1|6\n|teamsize|p2|6\n|gen|9\n|tier|[Gen 9] VGC 2023 Regulation C\n|rated|\n|rule|Species Clause: Limit one of each Pok\u00e9mon\n|rule|Item Clause: Limit one of each item\n|clearpoke\n|poke|p1|Annihilape, L50, M|\n|poke|p1|Ting-Lu, L50|\n|poke|p1|Tyranitar, L50, F|\n|poke|p1|Lycanroc, L50, M|\n|poke|p1|Amoonguss, L50, M|\n|poke|p1|Gholdengo, L50|\n|poke|p2|Revavroom, L50, F|\n|poke|p2|Wo-Chien, L50|\n|poke|p2|Arcanine, L50, F|\n|poke|p2|Clawitzer, L50, M|\n|poke|p2|Kilowattrel, L50, M|\n|poke|p2|Sableye, L50, M|\n|teampreview|4\n|inactive|Battle timer is ON: inactive players will automatically lose when time's up. (requested by Ventusroxasxiii)\n|\n|t:|1681848832\n|start\n|switch|p1a: Ting-Lu|Ting-Lu, L50|100\/100\n|switch|p1b: Annihilape|Annihilape, L50, M, shiny|100\/100\n|switch|p2a: Sableye|Sableye, L50, M|100\/100\n|switch|p2b: Arcanine|Arcanine, L50, F|100\/100\n|-ability|p2b: Arcanine|Intimidate|boost\n|-unboost|p1a: Ting-Lu|atk|1\n|-unboost|p1b: Annihilape|atk|1\n|-ability|p1b: Annihilape|Defiant|boost\n|-boost|p1b: Annihilape|atk|2\n|-ability|p1a: Ting-Lu|Vessel of Ruin\n|turn|1\n|inactive|Drakorv has 30 seconds left.\n|inactive|Drakorv has 20 seconds left.\n|inactive|Drakorv has 15 seconds left.\n|\n|t:|1681848877\n|switch|p2b: Wo-Chien|Wo-Chien, L50|100\/100\n|-ability|p2b: Wo-Chien|Tablets of Ruin\n|move|p1b: Annihilape|Protect|p1b: Annihilape\n|-singleturn|p1b: Annihilape|Protect\n|move|p2a: Sableye|Will-O-Wisp|p1b: Annihilape\n|-activate|p1b: Annihilape|move: Protect\n|move|p1a: Ting-Lu|Fissure|p2a: Sableye\n|-damage|p2a: Sableye|0 fnt\n|faint|p2a: Sableye\n|-ohko\n|\n|upkeep\n|\n|t:|1681848888\n|switch|p2a: Revavroom|Revavroom, L50, F|100\/100\n|turn|2\n|\n|t:|1681848899\n|-terastallize|p2a: Revavroom|Water\n|move|p2a: Revavroom|Shift Gear|p2a: Revavroom\n|-boost|p2a: Revavroom|spe|2\n|-boost|p2a: Revavroom|atk|1\n|move|p1b: Annihilape|Bulk Up|p1b: Annihilape\n|-boost|p1b: Annihilape|atk|1\n|-boost|p1b: Annihilape|def|1\n|move|p2b: Wo-Chien|Ruination|p1b: Annihilape|[miss]\n|-miss|p2b: Wo-Chien|p1b: Annihilape\n|move|p1a: Ting-Lu|Stomping Tantrum|p2a: Revavroom\n|-damage|p2a: Revavroom|83\/100\n|\n|upkeep\n|turn|3\n|-message|Ventusroxasxiii forfeited.\n|\n|win|Drakorv\n|raw|Drakorv's rating: 1238 → 1259<\/strong> (+21 for winning)\n|raw|Ventusroxasxiii's rating: 1181 → 1160<\/strong> (-21 for losing)\n|l|\u2606Ventusroxasxiii\n","uploadtime":1681848934,"views":13,"p1id":"drakorv","p2id":"ventusroxasxiii","formatid":"gen9vgc2023regulationc","rating":1160,"private":0,"password":""}