{"id":"gen9vgc2023regulationc-1861252100","p1":"chipndip","p2":"G3rd","format":"[Gen 9] VGC 2023 Regulation C","log":"|j|\u2606chipndip\n|j|\u2606G3rd\n|t:|1683739670\n|gametype|doubles\n|player|p1|chipndip|blackbelt-gen4dp|1497\n|player|p2|G3rd|giovanni|1420\n|teamsize|p1|6\n|teamsize|p2|6\n|gen|9\n|tier|[Gen 9] VGC 2023 Regulation C\n|rated|\n|rule|Species Clause: Limit one of each Pok\u00e9mon\n|rule|Item Clause: Limit one of each item\n|clearpoke\n|poke|p1|Annihilape, L50, F|\n|poke|p1|Garganacl, L50, M|\n|poke|p1|Amoonguss, L50, M|\n|poke|p1|Sylveon, L50, F|\n|poke|p1|Iron Moth, L50|\n|poke|p1|Chien-Pao, L50|\n|poke|p2|Annihilape, L50, M|\n|poke|p2|Maushold-Four, L50|\n|poke|p2|Chien-Pao, L50|\n|poke|p2|Dragonite, L50, F|\n|poke|p2|Ting-Lu, L50|\n|poke|p2|Florges, L50, F|\n|teampreview|4\nG3rd has agreed to open team sheets.\nchipndip has agreed to open team sheets.\n|j| Tyyrael\n|c| Tyyrael|Who is the best ruin chien pao or ting lu?\n|inactive|Battle timer is ON: inactive players will automatically lose when time's up. (requested by G3rd)\n|inactive|chipndip has 60 seconds left.\n|inactive|chipndip has 30 seconds left.\n|inactive|chipndip has 20 seconds left.\n|inactive|chipndip has 15 seconds left.\n|inactive|chipndip has 10 seconds left.\n|inactive|chipndip has 5 seconds left.\n|\n|t:|1683739815\n|start\n|switch|p1a: Amoonguss|Amoonguss, L50, M|100\/100\n|switch|p1b: Chien-Pao|Chien-Pao, L50|100\/100\n|switch|p2a: Maushold|Maushold-Four, L50|100\/100\n|switch|p2b: Annihilape|Annihilape, L50, M|100\/100\n|-ability|p1b: Chien-Pao|Sword of Ruin\n|turn|1\n|l| Tyyrael\n|inactive|G3rd has 30 seconds left.\n|\n|t:|1683739844\n|move|p1b: Chien-Pao|Sacred Sword|p2a: Maushold\n|-supereffective|p2a: Maushold\n|-damage|p2a: Maushold|19\/100\n|move|p2a: Maushold|Beat Up|p2b: Annihilape\n|-damage|p2b: Annihilape|99\/100\n|-damage|p2b: Annihilape|96\/100\n|-damage|p2b: Annihilape|94\/100\n|-damage|p2b: Annihilape|92\/100\n|-hitcount|p2b: Annihilape|4\n|move|p2b: Annihilape|Rage Fist|p1a: Amoonguss\n|-damage|p1a: Amoonguss|0 fnt\n|-damage|p2b: Annihilape|75\/100|[from] item: Rocky Helmet|[of] p1a: Amoonguss\n|faint|p1a: Amoonguss\n|\n|-heal|p2b: Annihilape|82\/100|[from] item: Leftovers\n|upkeep\n|\n|t:|1683739868\n|switch|p1a: Annihilape|Annihilape, L50, F|100\/100\n|turn|2\n|\n|t:|1683739891\n|move|p1a: Annihilape|Protect|p1a: Annihilape\n|-singleturn|p1a: Annihilape|Protect\n|move|p2a: Maushold|Follow Me|p2a: Maushold\n|-singleturn|p2a: Maushold|move: Follow Me\n|move|p1b: Chien-Pao|Ice Spinner|p2a: Maushold\n|-damage|p2a: Maushold|0 fnt\n|faint|p2a: Maushold\n|move|p2b: Annihilape|Rage Fist|p1a: Annihilape\n|-activate|p1a: Annihilape|move: Protect\n|\n|-heal|p2b: Annihilape|88\/100|[from] item: Leftovers\n|upkeep\n|\n|t:|1683739913\n|switch|p2a: Florges|Florges, L50, F|100\/100\n|turn|3\n|inactive|chipndip has 30 seconds left.\n|inactive|G3rd has 30 seconds left.\n|inactive|G3rd has 20 seconds left.\n|\n|t:|1683739948\n|-terastallize|p2b: Annihilape|Fire\n|move|p1b: Chien-Pao|Ice Spinner|p2b: Annihilape\n|-resisted|p2b: Annihilape\n|-damage|p2b: Annihilape|63\/100\n|move|p2b: Annihilape|Rage Fist|p1a: Annihilape\n|-supereffective|p1a: Annihilape\n|-damage|p1a: Annihilape|0 fnt\n|faint|p1a: Annihilape\n|move|p2a: Florges|Pollen Puff|p2b: Annihilape\n|-heal|p2b: Annihilape|100\/100\n|\n|upkeep\n|-message|chipndip forfeited.\n|\n|win|G3rd\n|raw|chipndip's rating: 1497 → 1473<\/strong> (-24 for losing)\n|raw|G3rd's rating: 1420 → 1444<\/strong> (+24 for winning)\n|l|\u2606chipndip\n","uploadtime":1683739972,"views":18,"p1id":"chipndip","p2id":"g3rd","formatid":"gen9vgc2023regulationc","rating":1444,"private":0,"password":""}