{"id":"gen9vgc2023regulationc-1854543910","p1":"DrJargo","p2":"ispcphka","format":"[Gen 9] VGC 2023 Regulation C","log":"|j|\u2606DrJargo\n|j|\u2606ispcphka\n|t:|1682824768\n|gametype|doubles\n|player|p1|DrJargo|red|1160\n|player|p2|ispcphka|102|1239\n|teamsize|p1|6\n|teamsize|p2|6\n|gen|9\n|tier|[Gen 9] VGC 2023 Regulation C\n|rated|\n|rule|Species Clause: Limit one of each Pok\u00e9mon\n|rule|Item Clause: Limit one of each item\n|clearpoke\n|poke|p1|Hatterene, L50, F|\n|poke|p1|Indeedee-F, L50, F|\n|poke|p1|Iron Hands, L50|\n|poke|p1|Amoonguss, L50, F|\n|poke|p1|Torkoal, L50, F|\n|poke|p1|Annihilape, L50, M|\n|poke|p2|Tyranitar, L50, M|\n|poke|p2|Lycanroc, L50, M|\n|poke|p2|Maushold, L50|\n|poke|p2|Annihilape, L50, F|\n|poke|p2|Flutter Mane, L50|\n|poke|p2|Chien-Pao, L50|\n|teampreview|4\n|inactive|Battle timer is ON: inactive players will automatically lose when time's up. (requested by DrJargo)\n|\n|t:|1682824778\n|start\n|switch|p1a: Hatterene|Hatterene, L50, F|100\/100\n|switch|p1b: Indeedee|Indeedee-F, L50, F|100\/100\n|switch|p2a: Maushold|Maushold, L50|100\/100\n|switch|p2b: Flutter Mane|Flutter Mane, L50|100\/100\n|-fieldstart|move: Psychic Terrain|[from] ability: Psychic Surge|[of] p1b: Indeedee\n|turn|1\n|inactive|ispcphka has 30 seconds left.\n|\n|t:|1682824805\n|move|p1b: Indeedee|Follow Me|p1b: Indeedee\n|-singleturn|p1b: Indeedee|move: Follow Me\n|move|p2b: Flutter Mane|Dazzling Gleam|p1b: Indeedee|[spread] p1a,p1b\n|-damage|p1a: Hatterene|66\/100\n|-damage|p1b: Indeedee|71\/100\n|move|p2a: Maushold|Population Bomb|p1b: Indeedee\n|-damage|p1b: Indeedee|59\/100\n|-damage|p2a: Maushold|84\/100|[from] item: Rocky Helmet|[of] p1b: Indeedee\n|-crit|p1b: Indeedee\n|-damage|p1b: Indeedee|38\/100\n|-damage|p2a: Maushold|68\/100|[from] item: Rocky Helmet|[of] p1b: Indeedee\n|-damage|p1b: Indeedee|26\/100\n|-damage|p2a: Maushold|51\/100|[from] item: Rocky Helmet|[of] p1b: Indeedee\n|-damage|p1b: Indeedee|15\/100\n|-damage|p2a: Maushold|35\/100|[from] item: Rocky Helmet|[of] p1b: Indeedee\n|-damage|p1b: Indeedee|3\/100\n|-damage|p2a: Maushold|19\/100|[from] item: Rocky Helmet|[of] p1b: Indeedee\n|-damage|p1b: Indeedee|0 fnt\n|-damage|p2a: Maushold|2\/100|[from] item: Rocky Helmet|[of] p1b: Indeedee\n|faint|p1b: Indeedee\n|-hitcount|p1: Indeedee|6\n|move|p1a: Hatterene|Trick Room|p1a: Hatterene\n|-fieldstart|move: Trick Room|[of] p1a: Hatterene\n|\n|upkeep\n|\n|t:|1682824819\n|switch|p1b: Iron Hands|Iron Hands, L50|100\/100\n|-enditem|p1b: Iron Hands|Booster Energy\n|-activate|p1b: Iron Hands|ability: Quark Drive|[fromitem]\n|-start|p1b: Iron Hands|quarkdriveatk\n|turn|2\n|\n|t:|1682824836\n|move|p1a: Hatterene|Dazzling Gleam|p2b: Flutter Mane|[spread] p2a,p2b\n|-damage|p2a: Maushold|0 fnt\n|-damage|p2b: Flutter Mane|66\/100\n|faint|p2a: Maushold\n|move|p1b: Iron Hands|Iron Head|p2b: Flutter Mane\n|-supereffective|p2b: Flutter Mane\n|-crit|p2b: Flutter Mane\n|-damage|p2b: Flutter Mane|0 fnt\n|faint|p2b: Flutter Mane\n|-end|p2b: Flutter Mane|Protosynthesis|[silent]\n|\n|upkeep\n|\n|t:|1682824839\n|switch|p2a: Tyranitar|Tyranitar, L50, M|100\/100\n|switch|p2b: Lycanroc|Lycanroc, L50, M|100\/100\n|-weather|Sandstorm|[from] ability: Sand Stream|[of] p2a: Tyranitar\n|turn|3\n|\n|t:|1682824857\n|-terastallize|p1b: Iron Hands|Fighting\n|-terastallize|p2a: Tyranitar|Grass\n|move|p1a: Hatterene|Psychic|p2b: Lycanroc\n|-damage|p2b: Lycanroc|3\/100\n|move|p1b: Iron Hands|Drain Punch|p2a: Tyranitar\n|-damage|p2a: Tyranitar|26\/100\n|move|p2a: Tyranitar|Rock Slide|p1b: Iron Hands|[spread] p1a,p1b\n|-resisted|p1b: Iron Hands\n|-damage|p1a: Hatterene|20\/100\n|-damage|p1b: Iron Hands|91\/100\n|move|p2b: Lycanroc|Play Rough|p1b: Iron Hands\n|-supereffective|p1b: Iron Hands\n|-damage|p1b: Iron Hands|25\/100\n|\n|-weather|Sandstorm|[upkeep]\n|-damage|p1a: Hatterene|14\/100|[from] Sandstorm\n|-damage|p1b: Iron Hands|19\/100|[from] Sandstorm\n|-damage|p2a: Tyranitar|20\/100|[from] Sandstorm\n|upkeep\n|turn|4\n|\n|t:|1682824879\n|move|p1a: Hatterene|Dazzling Gleam|p2b: Lycanroc|[spread] p2a,p2b\n|-damage|p2a: Tyranitar|0 fnt\n|-damage|p2b: Lycanroc|0 fnt\n|faint|p2a: Tyranitar\n|faint|p2b: Lycanroc\n|\n|win|DrJargo\n|raw|DrJargo's rating: 1160 → 1191<\/strong> (+31 for winning)\n|raw|ispcphka's rating: 1239 → 1208<\/strong> (-31 for losing)\n|l|\u2606ispcphka\n","uploadtime":1682824889,"views":14,"p1id":"drjargo","p2id":"ispcphka","formatid":"gen9vgc2023regulationc","rating":1191,"private":0,"password":""}