{"id":"gen9vgc2023regulationc-1853342842","p1":"derecha","p2":"Sbradyb","format":"[Gen 9] VGC 2023 Regulation C","log":"|j|\u2606derecha\n|j|\u2606Sbradyb\n|t:|1682671318\n|gametype|doubles\n|player|p1|derecha|workerice|1342\n|player|p2|Sbradyb|169|1397\n|teamsize|p1|6\n|teamsize|p2|6\n|gen|9\n|tier|[Gen 9] VGC 2023 Regulation C\n|rated|\n|rule|Species Clause: Limit one of each Pok\u00e9mon\n|rule|Item Clause: Limit one of each item\n|clearpoke\n|poke|p1|Amoonguss, L50, F|\n|poke|p1|Gyarados, L50, F|\n|poke|p1|Great Tusk, L50|\n|poke|p1|Annihilape, L50, M|\n|poke|p1|Volcarona, L50, F|\n|poke|p1|Stonjourner, L50, F|\n|poke|p2|Gholdengo, L50|\n|poke|p2|Grimmsnarl, L50, M|\n|poke|p2|Iron Bundle, L50|\n|poke|p2|Amoonguss, L50, F|\n|poke|p2|Chi-Yu, L50|\n|poke|p2|Flutter Mane, L50|\n|teampreview|4\n|inactive|Battle timer is ON: inactive players will automatically lose when time's up. (requested by derecha)\n|inactive|Sbradyb has 60 seconds left.\n|inactive|Sbradyb has 30 seconds left.\n|\n|t:|1682671388\n|start\n|switch|p1a: Stonjourner|Stonjourner, L50, F|100\/100\n|switch|p1b: Annihilape|Annihilape, L50, M|100\/100\n|switch|p2a: Gholdengo|Gholdengo, L50|100\/100\n|switch|p2b: Grimmsnarl|Grimmsnarl, L50, M, shiny|100\/100\n|turn|1\n|inactive|Sbradyb has 30 seconds left.\n|inactive|Sbradyb has 20 seconds left.\n|\n|t:|1682671426\n|-terastallize|p1b: Annihilape|Fire\n|move|p1a: Stonjourner|Wide Guard|p1a: Stonjourner\n|-singleturn|p1a: Stonjourner|Wide Guard\n|move|p2b: Grimmsnarl|Reflect|p2b: Grimmsnarl\n|-sidestart|p2: Sbradyb|Reflect\n|move|p2a: Gholdengo|Nasty Plot|p2a: Gholdengo\n|-boost|p2a: Gholdengo|spa|2\n|move|p1b: Annihilape|Bulk Up|p1b: Annihilape\n|-boost|p1b: Annihilape|atk|1\n|-boost|p1b: Annihilape|def|1\n|\n|upkeep\n|turn|2\n|inactive|Sbradyb has 30 seconds left.\n|inactive|Sbradyb has 20 seconds left.\n|\n|t:|1682671462\n|move|p1a: Stonjourner|Wide Guard|p1a: Stonjourner\n|-singleturn|p1a: Stonjourner|Wide Guard\n|move|p2b: Grimmsnarl|Parting Shot|p1a: Stonjourner\n|-unboost|p1a: Stonjourner|atk|1\n|-unboost|p1a: Stonjourner|spa|1\n|\n|t:|1682671467\n|switch|p2b: Chi-Yu|Chi-Yu, L50|100\/100|[from] Parting Shot\n|-ability|p2b: Chi-Yu|Beads of Ruin\n|move|p2a: Gholdengo|Shadow Ball|p1b: Annihilape\n|-crit|p1b: Annihilape\n|-damage|p1b: Annihilape|0 fnt\n|faint|p1b: Annihilape\n|\n|upkeep\n|\n|t:|1682671477\n|switch|p1b: Great Tusk|Great Tusk, L50|100\/100\n|turn|3\n|\n|t:|1682671502\n|switch|p2b: Grimmsnarl|Grimmsnarl, L50, M, shiny|100\/100\n|-terastallize|p2a: Gholdengo|Water\n|move|p1b: Great Tusk|Headlong Rush|p2a: Gholdengo\n|-damage|p2a: Gholdengo|50\/100\n|-unboost|p1b: Great Tusk|def|1\n|-unboost|p1b: Great Tusk|spd|1\n|move|p2a: Gholdengo|Make It Rain|p1a: Stonjourner|[spread] p1a,p1b\n|-supereffective|p1a: Stonjourner\n|-enditem|p1a: Stonjourner|Focus Sash\n|-damage|p1a: Stonjourner|1\/100\n|-damage|p1b: Great Tusk|0 fnt\n|-unboost|p2a: Gholdengo|spa|1\n|faint|p1b: Great Tusk\n|-end|p1b: Great Tusk|Protosynthesis|[silent]\n|move|p1a: Stonjourner|Rock Slide|p2b: Grimmsnarl|[spread] p2a,p2b\n|-damage|p2a: Gholdengo|38\/100\n|-damage|p2b: Grimmsnarl|85\/100\n|\n|-heal|p2a: Gholdengo|44\/100|[from] item: Leftovers\n|upkeep\n|\n|t:|1682671517\n|switch|p1b: Gyarados|Gyarados, L50, F|100\/100\n|-ability|p1b: Gyarados|Intimidate|boost\n|-unboost|p2a: Gholdengo|atk|1\n|-unboost|p2b: Grimmsnarl|atk|1\n|turn|4\n|-message|derecha forfeited.\n|\n|win|Sbradyb\n|raw|derecha's rating: 1342 → 1325<\/strong> (-17 for losing)\n|raw|Sbradyb's rating: 1397 → 1414<\/strong> (+17 for winning)\n|l|\u2606derecha\n","uploadtime":1682671549,"views":7,"p1id":"derecha","p2id":"sbradyb","formatid":"gen9vgc2023regulationc","rating":1325,"private":0,"password":""}