{"id":"gen9vgc2023regulationc-1861671321","p1":"jarguelles1","p2":"grumpyolddude","format":"[Gen 9] VGC 2023 Regulation C","log":"|j|\u2606jarguelles1\n|j|\u2606grumpyolddude\n|t:|1683791771\n|gametype|doubles\n|player|p1|jarguelles1|265|1106\n|player|p2|grumpyolddude|fisherman|1100\n|teamsize|p1|6\n|teamsize|p2|6\n|gen|9\n|tier|[Gen 9] VGC 2023 Regulation C\n|rated|\n|rule|Species Clause: Limit one of each Pok\u00e9mon\n|rule|Item Clause: Limit one of each item\n|clearpoke\n|poke|p1|Annihilape, L50, M|\n|poke|p1|Flutter Mane, L50|\n|poke|p1|Chien-Pao, L50|\n|poke|p1|Chi-Yu, L50|\n|poke|p1|Ceruledge, L50, M|\n|poke|p1|Dragonite, L50, M|\n|poke|p2|Ting-Lu, L50|\n|poke|p2|Ceruledge, L50, F|\n|poke|p2|Grimmsnarl, L50, M|\n|poke|p2|Iron Hands, L50|\n|poke|p2|Amoonguss, L50, M|\n|poke|p2|Iron Bundle, L50|\n|teampreview|4\n|inactive|Battle timer is ON: inactive players will automatically lose when time's up. (requested by jarguelles1)\n|\n|t:|1683791829\n|start\n|switch|p1a: Dragonite|Dragonite, L50, M, shiny|100\/100\n|switch|p1b: Chien-Pao|Chien-Pao, L50|100\/100\n|switch|p2a: Amoonguss|Amoonguss, L50, M|100\/100\n|switch|p2b: Iron Hands|Iron Hands, L50|100\/100\n|-ability|p1b: Chien-Pao|Sword of Ruin\n|turn|1\n|inactive|jarguelles1 has 30 seconds left.\n|\n|t:|1683791858\n|move|p1b: Chien-Pao|Protect|p1b: Chien-Pao\n|-singleturn|p1b: Chien-Pao|Protect\n|move|p2a: Amoonguss|Rage Powder|p2a: Amoonguss\n|-singleturn|p2a: Amoonguss|move: Rage Powder\n|move|p1a: Dragonite|Ice Spinner|p2a: Amoonguss\n|-supereffective|p2a: Amoonguss\n|-crit|p2a: Amoonguss\n|-damage|p2a: Amoonguss|10\/100\n|move|p2b: Iron Hands|Belly Drum|p2b: Iron Hands\n|-damage|p2b: Iron Hands|50\/100\n|-setboost|p2b: Iron Hands|atk|6|[from] move: Belly Drum\n|-enditem|p2b: Iron Hands|Sitrus Berry|[eat]\n|-heal|p2b: Iron Hands|75\/100|[from] item: Sitrus Berry\n|\n|upkeep\n|turn|2\n|inactive|jarguelles1 has 30 seconds left.\n|inactive|grumpyolddude has 30 seconds left.\n|inactive|grumpyolddude has 20 seconds left.\n|\n|t:|1683791896\n|switch|p2a: Ceruledge|Ceruledge, L50, F|100\/100\n|move|p1b: Chien-Pao|Ice Spinner|p2a: Ceruledge\n|-resisted|p2a: Ceruledge\n|-damage|p2a: Ceruledge|69\/100\n|move|p1a: Dragonite|Tailwind|p1a: Dragonite\n|-sidestart|p1: jarguelles1|move: Tailwind\n|move|p2b: Iron Hands|Drain Punch|p1b: Chien-Pao\n|-supereffective|p1b: Chien-Pao\n|-enditem|p1b: Chien-Pao|Focus Sash\n|-damage|p1b: Chien-Pao|1\/100\n|-heal|p2b: Iron Hands|100\/100|[from] drain|[of] p1b: Chien-Pao\n|\n|upkeep\n|turn|3\n|inactive|jarguelles1 has 30 seconds left.\n|inactive|grumpyolddude has 30 seconds left.\n|\n|t:|1683791924\n|move|p1b: Chien-Pao|Protect|p1b: Chien-Pao\n|-singleturn|p1b: Chien-Pao|Protect\n|move|p1a: Dragonite|Iron Head|p2a: Ceruledge\n|-resisted|p2a: Ceruledge\n|-damage|p2a: Ceruledge|46\/100\n|cant|p2a: Ceruledge|flinch\n|move|p2b: Iron Hands|Thunder Punch|p1a: Dragonite\n|-damage|p1a: Dragonite|0 fnt\n|faint|p1a: Dragonite\n|\n|upkeep\n|\n|t:|1683791937\n|switch|p1a: Flutter Mane|Flutter Mane, L50, shiny|100\/100\n|turn|4\n|inactive|grumpyolddude has 30 seconds left.\n|\n|t:|1683791963\n|-terastallize|p2b: Iron Hands|Fire\n|move|p1b: Chien-Pao|Sucker Punch|p2b: Iron Hands\n|-crit|p2b: Iron Hands\n|-damage|p2b: Iron Hands|53\/100\n|move|p2a: Ceruledge|Shadow Sneak|p1b: Chien-Pao\n|-resisted|p1b: Chien-Pao\n|-damage|p1b: Chien-Pao|0 fnt\n|faint|p1b: Chien-Pao\n|move|p1a: Flutter Mane|Dazzling Gleam|p2b: Iron Hands|[spread] p2a,p2b\n|-resisted|p2a: Ceruledge\n|-resisted|p2b: Iron Hands\n|-damage|p2a: Ceruledge|26\/100\n|-damage|p2b: Iron Hands|35\/100\n|-damage|p1a: Flutter Mane|90\/100|[from] item: Life Orb\n|move|p2b: Iron Hands|Thunder Punch|p1a: Flutter Mane\n|-crit|p1a: Flutter Mane\n|-damage|p1a: Flutter Mane|0 fnt\n|faint|p1a: Flutter Mane\n|-end|p1a: Flutter Mane|Protosynthesis|[silent]\n|\n|upkeep\n|-message|jarguelles1 forfeited.\n|\n|win|grumpyolddude\n|raw|jarguelles1's rating: 1106 → 1081<\/strong> (-25 for losing)\n|raw|grumpyolddude's rating: 1100 → 1125<\/strong> (+25 for winning)\n|l|\u2606jarguelles1\n","uploadtime":1683792043,"views":14,"p1id":"jarguelles1","p2id":"grumpyolddude","formatid":"gen9vgc2023regulationc","rating":1081,"private":0,"password":""}