{"id":"gen9vgc2023regulationc-1845274898","p1":"Emberbloom","p2":"Maxman101100","format":"[Gen 9] VGC 2023 Regulation C","log":"|j|\u2606Emberbloom\n|j|\u2606Maxman101100\n|t:|1681705952\n|gametype|doubles\n|player|p1|Emberbloom|flannery|1534\n|player|p2|Maxman101100|iris-gen5bw2|1520\n|teamsize|p1|6\n|teamsize|p2|6\n|gen|9\n|tier|[Gen 9] VGC 2023 Regulation C\n|rated|\n|rule|Species Clause: Limit one of each Pok\u00e9mon\n|rule|Item Clause: Limit one of each item\n|clearpoke\n|poke|p1|Corviknight, L50, F|\n|poke|p1|Tyranitar, L50, F|\n|poke|p1|Garchomp, L50, F|\n|poke|p1|Gyarados, L50, F|\n|poke|p1|Amoonguss, L50, F|\n|poke|p1|Iron Hands, L50|\n|poke|p2|Annihilape, L50, F|\n|poke|p2|Maushold, L50|\n|poke|p2|Baxcalibur, L50, M|\n|poke|p2|Ting-Lu, L50|\n|poke|p2|Flutter Mane, L50|\n|poke|p2|Talonflame, L50, M|\n|teampreview|4\n|j| pikachu04z8\n|\n|t:|1681705993\n|start\n|switch|p1a: Tyranitar|Tyranitar, L50, F, shiny|100\/100\n|switch|p1b: Garchomp|Garchomp, L50, F|100\/100\n|switch|p2a: Kong|Annihilape, L50, F, shiny|100\/100\n|switch|p2b: The Goons|Maushold, L50|100\/100\n|-weather|Sandstorm|[from] ability: Sand Stream|[of] p1a: Tyranitar\n|turn|1\n|l| pikachu04z8\n|\n|t:|1681706006\n|-terastallize|p1a: Tyranitar|Flying\n|move|p2b: The Goons|Protect|p2b: The Goons\n|-singleturn|p2b: The Goons|Protect\n|move|p2a: Kong|Protect|p2a: Kong\n|-singleturn|p2a: Kong|Protect\n|move|p1b: Garchomp|Earthquake|p2a: Kong|[spread] \n|-activate|p2a: Kong|move: Protect\n|-activate|p2b: The Goons|move: Protect\n|-immune|p1a: Tyranitar\n|move|p1a: Tyranitar|Tera Blast|p2a: Kong\n|-activate|p2a: Kong|move: Protect\n|\n|-weather|Sandstorm|[upkeep]\n|-damage|p2a: Kong|95\/100|[from] Sandstorm\n|-damage|p1a: Tyranitar|95\/100|[from] Sandstorm\n|upkeep\n|turn|2\n|\n|t:|1681706021\n|-terastallize|p2a: Kong|Water\n|move|p1b: Garchomp|Earthquake|p2b: The Goons|[spread] p2a,p2b\n|-immune|p1a: Tyranitar\n|-damage|p2a: Kong|52\/100\n|-damage|p2b: The Goons|39\/100\n|move|p2b: The Goons|Beat Up|p2a: Kong\n|-damage|p2a: Kong|50\/100\n|-enditem|p2a: Kong|Sitrus Berry|[eat]\n|-heal|p2a: Kong|75\/100|[from] item: Sitrus Berry\n|-damage|p2a: Kong|73\/100\n|-damage|p2a: Kong|71\/100\n|-damage|p2a: Kong|68\/100\n|-hitcount|p2a: Kong|4\n|move|p2a: Kong|Rage Fist|p1a: Tyranitar\n|-damage|p1a: Tyranitar|0 fnt\n|faint|p1a: Tyranitar\n|\n|-weather|Sandstorm|[upkeep]\n|-damage|p2a: Kong|62\/100|[from] Sandstorm\n|upkeep\n|\n|t:|1681706045\n|switch|p1a: Gyarados|Gyarados, L50, F, shiny|100\/100\n|-ability|p1a: Gyarados|Intimidate|boost\n|-unboost|p2a: Kong|atk|1\n|-ability|p2a: Kong|Defiant|boost\n|-boost|p2a: Kong|atk|2\n|-unboost|p2b: The Goons|atk|1\n|turn|3\n|\n|t:|1681706058\n|move|p1a: Gyarados|Helping Hand|p1b: Garchomp\n|-singleturn|p1b: Garchomp|Helping Hand|[of] p1a: Gyarados\n|move|p2b: The Goons|Protect|p2b: The Goons\n|-singleturn|p2b: The Goons|Protect\n|move|p1b: Garchomp|Earthquake|p2b: The Goons|[spread] p2a\n|-activate|p2b: The Goons|move: Protect\n|-immune|p1a: Gyarados\n|-damage|p2a: Kong|0 fnt\n|faint|p2a: Kong\n|\n|-weather|Sandstorm|[upkeep]\n|upkeep\n|\n|t:|1681706068\n|switch|p2a: Hussy|Flutter Mane, L50|100\/100\n|-enditem|p2a: Hussy|Booster Energy\n|-activate|p2a: Hussy|ability: Protosynthesis|[fromitem]\n|-start|p2a: Hussy|protosynthesisspa\n|turn|4\n|\n|t:|1681706080\n|move|p2b: The Goons|Follow Me|p2b: The Goons\n|-singleturn|p2b: The Goons|move: Follow Me\n|move|p2a: Hussy|Moonblast|p1b: Garchomp|[miss]\n|-miss|p2a: Hussy|p1b: Garchomp\n|move|p1b: Garchomp|Earthquake|p2b: The Goons|[spread] p2a,p2b\n|-immune|p1a: Gyarados\n|-damage|p2a: Hussy|35\/100\n|-damage|p2b: The Goons|0 fnt\n|faint|p2b: The Goons\n|move|p1a: Gyarados|Iron Head|p2a: Hussy\n|-supereffective|p2a: Hussy\n|-damage|p2a: Hussy|0 fnt\n|faint|p2a: Hussy\n|-end|p2a: Hussy|Protosynthesis|[silent]\n|\n|-weather|Sandstorm|[upkeep]\n|upkeep\n|-message|Maxman101100 forfeited.\n|\n|win|Emberbloom\n|raw|Emberbloom's rating: 1534 → 1553<\/strong> (+19 for winning)\n|raw|Maxman101100's rating: 1520 → 1501<\/strong> (-19 for losing)\n|l|\u2606Maxman101100\n","uploadtime":1681706102,"views":15,"p1id":"emberbloom","p2id":"maxman101100","formatid":"gen9vgc2023regulationc","rating":1501,"private":0,"password":""}