{"id":"gen9vgc2023regulationc-1846467441","p1":"Esspecialy","p2":"Yoyoyogogogo","format":"[Gen 9] VGC 2023 Regulation C","log":"|j|\u2606Esspecialy\n|j|\u2606Yoyoyogogogo\n|t:|1681843264\n|gametype|doubles\n|player|p1|Esspecialy|roughneck|1450\n|player|p2|Yoyoyogogogo|2|1351\n|teamsize|p1|6\n|teamsize|p2|6\n|gen|9\n|tier|[Gen 9] VGC 2023 Regulation C\n|rated|\n|rule|Species Clause: Limit one of each Pok\u00e9mon\n|rule|Item Clause: Limit one of each item\n|clearpoke\n|poke|p1|Roaring Moon, L50|\n|poke|p1|Great Tusk, L50|\n|poke|p1|Chi-Yu, L50|\n|poke|p1|Gholdengo, L50|\n|poke|p1|Iron Bundle, L50|\n|poke|p1|Flutter Mane, L50|\n|poke|p2|Chi-Yu, L50|\n|poke|p2|Torkoal, L50, M|\n|poke|p2|Lilligant, L50, F|\n|poke|p2|Flutter Mane, L50|\n|poke|p2|Tatsugiri, L50, F|\n|poke|p2|Dondozo, L50, F|\n|teampreview|4\n|inactive|Battle timer is ON: inactive players will automatically lose when time's up. (requested by Yoyoyogogogo)\n|j| Scrinkytroph\n|inactive|Esspecialy has 60 seconds left.\n|\n|t:|1681843298\n|start\n|switch|p1a: Highdreigon|Roaring Moon, L50, shiny|100\/100\n|switch|p1b: Mimicyou|Flutter Mane, L50|100\/100\n|switch|p2a: Lilligant|Lilligant, L50, F|100\/100\n|switch|p2b: Torkoal|Torkoal, L50, M|100\/100\n|-weather|SunnyDay|[from] ability: Drought|[of] p2b: Torkoal\n|-activate|p1a: Highdreigon|ability: Protosynthesis\n|-start|p1a: Highdreigon|protosynthesisspe\n|-activate|p1b: Mimicyou|ability: Protosynthesis\n|-start|p1b: Mimicyou|protosynthesisspa\n|turn|1\n|\n|t:|1681843323\n|move|p2a: Lilligant|After You|p2b: Torkoal\n|-activate|p2b: Torkoal|move: After You\n|move|p2b: Torkoal|Eruption|p1b: Mimicyou|[spread] p1a,p1b\n|-resisted|p1a: Highdreigon\n|-damage|p1a: Highdreigon|62\/100\n|-damage|p1b: Mimicyou|19\/100\n|move|p1a: Highdreigon|Tailwind|p1a: Highdreigon\n|-sidestart|p1: Esspecialy|move: Tailwind\n|move|p1b: Mimicyou|Power Gem|p2b: Torkoal\n|-supereffective|p2b: Torkoal\n|-damage|p2b: Torkoal|0 fnt\n|faint|p2b: Torkoal\n|\n|-weather|SunnyDay|[upkeep]\n|upkeep\n|l| Scrinkytroph\n|\n|t:|1681843338\n|switch|p2b: Flutter Mane|Flutter Mane, L50|100\/100\n|-activate|p2b: Flutter Mane|ability: Protosynthesis\n|-start|p2b: Flutter Mane|protosynthesisspe\n|turn|2\n|\n|t:|1681843357\n|-terastallize|p1a: Highdreigon|Flying\n|-terastallize|p2b: Flutter Mane|Fairy\n|move|p1a: Highdreigon|Acrobatics|p2b: Flutter Mane\n|-damage|p2b: Flutter Mane|24\/100\n|move|p1b: Mimicyou|Power Gem|p2b: Flutter Mane\n|-damage|p2b: Flutter Mane|0 fnt\n|faint|p2b: Flutter Mane\n|-end|p2b: Flutter Mane|Protosynthesis|[silent]\n|move|p2a: Lilligant|Pollen Puff|p1a: Highdreigon\n|-resisted|p1a: Highdreigon\n|-crit|p1a: Highdreigon\n|-damage|p1a: Highdreigon|41\/100\n|\n|-weather|SunnyDay|[upkeep]\n|upkeep\n|\n|t:|1681843366\n|switch|p2b: Chi-Yu|Chi-Yu, L50|100\/100\n|-ability|p2b: Chi-Yu|Beads of Ruin\n|turn|3\n|\n|t:|1681843379\n|move|p1a: Highdreigon|Acrobatics|p2a: Lilligant\n|-supereffective|p2a: Lilligant\n|-enditem|p2a: Lilligant|Focus Sash\n|-damage|p2a: Lilligant|1\/100\n|move|p2a: Lilligant|Entrainment|p2b: Chi-Yu\n|-endability|p2b: Chi-Yu|Beads of Ruin|[from] move: Entrainment\n|-ability|p2b: Chi-Yu|Chlorophyll|[from] move: Entrainment\n|move|p2b: Chi-Yu|Heat Wave|p1a: Highdreigon|[spread] p1a,p1b\n|-damage|p1a: Highdreigon|0 fnt\n|-damage|p1b: Mimicyou|0 fnt\n|faint|p1a: Highdreigon\n|-end|p1a: Highdreigon|Protosynthesis|[silent]\n|faint|p1b: Mimicyou\n|-end|p1b: Mimicyou|Protosynthesis|[silent]\n|\n|-weather|SunnyDay|[upkeep]\n|upkeep\n|\n|t:|1681843388\n|switch|p1a: Arctofish|Iron Bundle, L50|100\/100\n|switch|p1b: 1OfAKind|Great Tusk, L50, shiny|100\/100\n|-activate|p1b: 1OfAKind|ability: Protosynthesis\n|-start|p1b: 1OfAKind|protosynthesisatk\n|turn|4\n|\n|t:|1681843396\n|move|p2b: Chi-Yu|Heat Wave|p1a: Arctofish|[spread] p1a,p1b\n|-enditem|p1a: Arctofish|Focus Sash\n|-damage|p1a: Arctofish|1\/100\n|-damage|p1b: 1OfAKind|10\/100\n|-status|p1a: Arctofish|brn\n|move|p1a: Arctofish|Icy Wind|p2a: Lilligant|[spread] p2a,p2b\n|-supereffective|p2a: Lilligant\n|-resisted|p2b: Chi-Yu\n|-damage|p2a: Lilligant|0 fnt\n|-damage|p2b: Chi-Yu|89\/100\n|-unboost|p2b: Chi-Yu|spe|1\n|faint|p2a: Lilligant\n|move|p1b: 1OfAKind|Headlong Rush|p2b: Chi-Yu\n|-supereffective|p2b: Chi-Yu\n|-damage|p2b: Chi-Yu|0 fnt\n|-unboost|p1b: 1OfAKind|def|1\n|-unboost|p1b: 1OfAKind|spd|1\n|faint|p2b: Chi-Yu\n|\n|win|Esspecialy\n|raw|Esspecialy's rating: 1450 → 1464<\/strong> (+14 for winning)\n|raw|Yoyoyogogogo's rating: 1351 → 1337<\/strong> (-14 for losing)\n|l|\u2606Esspecialy\n|l|\u2606Yoyoyogogogo\n|j|\u2606Esspecialy\n|player|p1|Esspecialy|roughneck\n","uploadtime":1681843443,"views":15,"p1id":"esspecialy","p2id":"yoyoyogogogo","formatid":"gen9vgc2023regulationc","rating":1337,"private":0,"password":""}