{"id":"gen9vgc2023regulationc-1846689265","p1":"Kevin1012","p2":"elyk1987","format":"[Gen 9] VGC 2023 Regulation C","log":"|j|\u2606Kevin1012\n|j|\u2606elyk1987\n|t:|1681866155\n|gametype|doubles\n|player|p1|Kevin1012|gardenia|\n|player|p2|elyk1987|266|\n|teamsize|p1|6\n|teamsize|p2|6\n|gen|9\n|tier|[Gen 9] VGC 2023 Regulation C\n|rule|Species Clause: Limit one of each Pok\u00e9mon\n|rule|Item Clause: Limit one of each item\n|clearpoke\n|poke|p1|Lucario, L50, M|\n|poke|p1|Salamence, L50, M|\n|poke|p1|Kingambit, L50, F|\n|poke|p1|Eiscue, L50, M|\n|poke|p1|Ampharos, L50, M|\n|poke|p1|Iron Thorns, L50|\n|poke|p2|Iron Bundle, L50|\n|poke|p2|Dudunsparce-*, L50, M|\n|poke|p2|Pelipper, L50, M|\n|poke|p2|Arcanine, L50, F|\n|poke|p2|Toxtricity, L50, M|\n|poke|p2|Golduck, L50, M|\n|teampreview|4\n|j| cadenguy\n|j| vFrostii\n|\n|t:|1681866205\n|start\n|switch|p1a: AElffaed Singh|Lucario, L50, M, shiny|100\/100\n|switch|p1b: Tatev Messmann|Salamence, L50, M, shiny|100\/100\n|switch|p2a: Ron Marvin Sr|Dudunsparce-Three-Segment, L50, M|100\/100\n|switch|p2b: Peio|Arcanine, L50, F|100\/100\n|-ability|p1b: Tatev Messmann|Intimidate|boost\n|-unboost|p2a: Ron Marvin Sr|atk|1\n|-unboost|p2b: Peio|atk|1\n|turn|1\n|\n|t:|1681866298\n|-terastallize|p1b: Tatev Messmann|Rock\n|move|p1b: Tatev Messmann|Twister|p2a: Ron Marvin Sr|[spread] p2a,p2b\n|-damage|p2a: Ron Marvin Sr|89\/100\n|-damage|p2b: Peio|86\/100\n|move|p2b: Peio|Flamethrower|p1a: AElffaed Singh\n|-supereffective|p1a: AElffaed Singh\n|-damage|p1a: AElffaed Singh|0 fnt\n|faint|p1a: AElffaed Singh\n|move|p2a: Ron Marvin Sr|Thunder|p1b: Tatev Messmann|[miss]\n|-miss|p2a: Ron Marvin Sr|p1b: Tatev Messmann\n|\n|upkeep\n|\n|t:|1681866311\n|switch|p1a: Arnie Reed|Eiscue, L50, M, shiny|100\/100\n|turn|2\n|\n|t:|1681866329\n|move|p1b: Tatev Messmann|Tera Blast|p2a: Ron Marvin Sr\n|-damage|p2a: Ron Marvin Sr|52\/100\n|move|p2b: Peio|Flame Charge|p1a: Arnie Reed\n|-activate|p1a: Arnie Reed|ability: Ice Face\n|-damage|p1a: Arnie Reed|100\/100\n|-boost|p2b: Peio|spe|1\n|detailschange|p1a: Arnie Reed|Eiscue-Noice, L50, M, shiny\n|move|p1a: Arnie Reed|Surf|p2a: Ron Marvin Sr|[spread] p1b,p2a,p2b\n|-supereffective|p1b: Tatev Messmann\n|-supereffective|p2b: Peio\n|-damage|p1b: Tatev Messmann|71\/100\n|-damage|p2a: Ron Marvin Sr|41\/100\n|-damage|p2b: Peio|58\/100\n|move|p2a: Ron Marvin Sr|Outrage|p1a: Arnie Reed\n|-damage|p1a: Arnie Reed|68\/100\n|\n|upkeep\n|turn|3\n|\n|t:|1681866355\n|move|p2b: Peio|Flamethrower|p1a: Arnie Reed\n|-supereffective|p1a: Arnie Reed\n|-damage|p1a: Arnie Reed|0 fnt\n|faint|p1a: Arnie Reed\n|move|p1b: Tatev Messmann|Double-Edge|p2b: Peio\n|-damage|p2b: Peio|0 fnt\n|faint|p2b: Peio\n|-damage|p1b: Tatev Messmann|53\/100|[from] Recoil\n|move|p2a: Ron Marvin Sr|Outrage|p1b: Tatev Messmann|[from]lockedmove\n|-damage|p1b: Tatev Messmann|18\/100\n|\n|upkeep\n|\n|t:|1681866370\n|switch|p2b: Partha|Iron Bundle, L50|100\/100\n|switch|p1a: Bihotz Hirschel|Iron Thorns, L50|100\/100\n|turn|4\n|\n|t:|1681866391\n|move|p2b: Partha|Hydro Pump|p1a: Bihotz Hirschel\n|-supereffective|p1a: Bihotz Hirschel\n|-damage|p1a: Bihotz Hirschel|0 fnt\n|faint|p1a: Bihotz Hirschel\n|-end|p1a: Bihotz Hirschel|Quark Drive|[silent]\n|move|p1b: Tatev Messmann|Double-Edge|p2a: Ron Marvin Sr\n|-damage|p2a: Ron Marvin Sr|0 fnt\n|faint|p2a: Ron Marvin Sr\n|-damage|p1b: Tatev Messmann|0 fnt|[from] Recoil\n|faint|p1b: Tatev Messmann\n|\n|win|elyk1987\n|l|\u2606Kevin1012\n","uploadtime":1681866404,"views":16,"p1id":"kevin1012","p2id":"elyk1987","formatid":"gen9vgc2023regulationc","rating":0,"private":0,"password":""}