{"id":"gen9vgc2023regulationc-1859515431","p1":"AAAlelele","p2":"dadarvin","format":"[Gen 9] VGC 2023 Regulation C","log":"|j|\u2606AAAlelele\n|j|\u2606dadarvin\n|t:|1683533950\n|gametype|doubles\n|player|p1|AAAlelele|ninjaboy|1315\n|player|p2|dadarvin|rosa|1429\n|teamsize|p1|6\n|teamsize|p2|6\n|gen|9\n|tier|[Gen 9] VGC 2023 Regulation C\n|rated|\n|rule|Species Clause: Limit one of each Pok\u00e9mon\n|rule|Item Clause: Limit one of each item\n|clearpoke\n|poke|p1|Great Tusk, L50|\n|poke|p1|Jumpluff, L50, M|\n|poke|p1|Torkoal, L50, M|\n|poke|p1|Chien-Pao, L50|\n|poke|p1|Dragonite, L50, M|\n|poke|p1|Rotom-Wash, L50|\n|poke|p2|Torkoal, L50, M|\n|poke|p2|Armarouge, L50, F|\n|poke|p2|Iron Bundle, L50|\n|poke|p2|Indeedee, L50, M|\n|poke|p2|Gallade, L50, M|\n|poke|p2|Flutter Mane, L50|\n|teampreview|4\n|inactive|Battle timer is ON: inactive players will automatically lose when time's up. (requested by dadarvin)\n|\n|t:|1683533991\n|start\n|switch|p1a: Great Tusk|Great Tusk, L50, shiny|100\/100\n|switch|p1b: Chien-Pao|Chien-Pao, L50|100\/100\n|switch|p2a: Indeedee|Indeedee, L50, M|100\/100\n|switch|p2b: Flutter Mane|Flutter Mane, L50|100\/100\n|-fieldstart|move: Psychic Terrain|[from] ability: Psychic Surge|[of] p2a: Indeedee\n|-ability|p1b: Chien-Pao|Sword of Ruin\n|turn|1\n|\n|t:|1683534003\n|move|p1b: Chien-Pao|Protect|p1b: Chien-Pao\n|-singleturn|p1b: Chien-Pao|Protect\n|move|p2a: Indeedee|Hyper Voice|p1b: Chien-Pao|[spread] p1a\n|-activate|p1b: Chien-Pao|move: Protect\n|-damage|p1a: Great Tusk|54\/100\n|move|p1a: Great Tusk|Earthquake|p2a: Indeedee|[spread] p2a,p2b\n|-activate|p1b: Chien-Pao|move: Protect\n|-damage|p2a: Indeedee|0 fnt\n|-damage|p2b: Flutter Mane|0 fnt\n|faint|p2a: Indeedee\n|faint|p2b: Flutter Mane\n|-end|p2b: Flutter Mane|Protosynthesis|[silent]\n|\n|upkeep\n|\n|t:|1683534013\n|switch|p2b: Armarouge|Armarouge, L50, F|100\/100\n|switch|p2a: Torkoal|Torkoal, L50, M|100\/100\n|-weather|SunnyDay|[from] ability: Drought|[of] p2a: Torkoal\n|-activate|p1a: Great Tusk|ability: Protosynthesis\n|-start|p1a: Great Tusk|protosynthesisatk\n|turn|2\n|\n|t:|1683534036\n|-terastallize|p2b: Armarouge|Grass\n|move|p2a: Torkoal|Protect|p2a: Torkoal\n|-singleturn|p2a: Torkoal|Protect\n|move|p1a: Great Tusk|Earthquake|p2a: Torkoal|[spread] p1b,p2b\n|-activate|p2a: Torkoal|move: Protect\n|-resisted|p2b: Armarouge\n|-damage|p1b: Chien-Pao|18\/100\n|-damage|p2b: Armarouge|64\/100\n|move|p1b: Chien-Pao|Ice Spinner|p2b: Armarouge\n|-supereffective|p2b: Armarouge\n|-damage|p2b: Armarouge|0 fnt\n|-fieldend|move: Psychic Terrain\n|faint|p2b: Armarouge\n|\n|-weather|SunnyDay|[upkeep]\n|upkeep\n|turn|3\n|-message|dadarvin forfeited.\n|\n|win|AAAlelele\n|raw|AAAlelele's rating: 1315 → 1341<\/strong> (+26 for winning)\n|raw|dadarvin's rating: 1429 → 1403<\/strong> (-26 for losing)\n|l|\u2606dadarvin\n","uploadtime":1683534067,"views":11,"p1id":"aaalelele","p2id":"dadarvin","formatid":"gen9vgc2023regulationc","rating":1341,"private":0,"password":""}