{"id":"gen9vgc2023regulationc-1848163314","p1":"caZISA","p2":"b(R)2","format":"[Gen 9] VGC 2023 Regulation C","log":"|j|\u2606caZISA\n|j|\u2606b(R)2\n|t:|1682037185\n|gametype|doubles\n|player|p1|caZISA|red|1321\n|player|p2|b(R)2|169|1383\n|teamsize|p1|6\n|teamsize|p2|6\n|gen|9\n|tier|[Gen 9] VGC 2023 Regulation C\n|rated|\n|rule|Species Clause: Limit one of each Pok\u00e9mon\n|rule|Item Clause: Limit one of each item\n|clearpoke\n|poke|p1|Chi-Yu, L50|\n|poke|p1|Flutter Mane, L50|\n|poke|p1|Iron Bundle, L50|\n|poke|p1|Great Tusk, L50|\n|poke|p1|Corviknight, L50, M|\n|poke|p1|Amoonguss, L50, F|\n|poke|p2|Tatsugiri-Stretchy, L50, M|\n|poke|p2|Flutter Mane, L50|\n|poke|p2|Arcanine, L50, F|\n|poke|p2|Annihilape, L50, F|\n|poke|p2|Dondozo, L50, F|\n|poke|p2|Amoonguss, L50, M|\n|teampreview|4\nb(R)2 rejected open team sheets.\n|inactive|Battle timer is ON: inactive players will automatically lose when time's up. (requested by b(R)2)\n|inactive|b(R)2 has 60 seconds left.\n|\n|t:|1682037229\n|start\n|switch|p1a: Flutter Mane|Flutter Mane, L50|100\/100\n|switch|p1b: Corviknight|Corviknight, L50, M|100\/100\n|switch|p2a: Dondozo|Dondozo, L50, F|100\/100\n|switch|p2b: Annihilape|Annihilape, L50, F|100\/100\n|turn|1\n|\n|t:|1682037243\n|-terastallize|p2b: Annihilape|Fire\n|move|p1a: Flutter Mane|Protect|p1a: Flutter Mane\n|-singleturn|p1a: Flutter Mane|Protect\n|move|p2b: Annihilape|Rage Fist|p1a: Flutter Mane\n|-activate|p1a: Flutter Mane|move: Protect\n|move|p1b: Corviknight|Tailwind|p1b: Corviknight\n|-sidestart|p1: caZISA|move: Tailwind\n|move|p2a: Dondozo|Yawn|p1b: Corviknight\n|-start|p1b: Corviknight|move: Yawn|[of] p2a: Dondozo\n|\n|upkeep\n|turn|2\n|\n|t:|1682037261\n|switch|p1b: Great Tusk|Great Tusk, L50|100\/100\n|move|p1a: Flutter Mane|Moonblast|p2a: Dondozo\n|-damage|p2a: Dondozo|59\/100\n|-damage|p1a: Flutter Mane|90\/100|[from] item: Life Orb\n|move|p2b: Annihilape|Bulk Up|p2b: Annihilape\n|-boost|p2b: Annihilape|atk|1\n|-boost|p2b: Annihilape|def|1\n|move|p2a: Dondozo|Wave Crash|p1a: Flutter Mane\n|-damage|p1a: Flutter Mane|0 fnt\n|faint|p1a: Flutter Mane\n|-end|p1a: Flutter Mane|Protosynthesis|[silent]\n|-damage|p2a: Dondozo|43\/100|[from] Recoil\n|\n|-heal|p2a: Dondozo|50\/100|[from] item: Leftovers\n|upkeep\n|\n|t:|1682037276\n|switch|p1a: Iron Bundle|Iron Bundle, L50|100\/100\n|-enditem|p1a: Iron Bundle|Booster Energy\n|-activate|p1a: Iron Bundle|ability: Quark Drive|[fromitem]\n|-start|p1a: Iron Bundle|quarkdrivespe\n|turn|3\n|\n|t:|1682037282\n|move|p2b: Annihilape|Protect|p2b: Annihilape\n|-singleturn|p2b: Annihilape|Protect\n|move|p2a: Dondozo|Protect|p2a: Dondozo\n|-singleturn|p2a: Dondozo|Protect\n|move|p1a: Iron Bundle|Freeze-Dry|p2a: Dondozo\n|-activate|p2a: Dondozo|move: Protect\n|move|p1b: Great Tusk|Headlong Rush|p2b: Annihilape\n|-activate|p2b: Annihilape|move: Protect\n|\n|-heal|p2a: Dondozo|56\/100|[from] item: Leftovers\n|upkeep\n|turn|4\n|\n|t:|1682037304\n|switch|p2a: Arcanine|Arcanine, L50, F|100\/100\n|-ability|p2a: Arcanine|Intimidate|boost\n|-unboost|p1a: Iron Bundle|atk|1\n|-unboost|p1b: Great Tusk|atk|1\n|move|p1a: Iron Bundle|Freeze-Dry|p2a: Arcanine\n|-resisted|p2a: Arcanine\n|-damage|p2a: Arcanine|77\/100\n|move|p1b: Great Tusk|Headlong Rush|p2b: Annihilape\n|-supereffective|p2b: Annihilape\n|-damage|p2b: Annihilape|51\/100\n|-unboost|p1b: Great Tusk|def|1\n|-unboost|p1b: Great Tusk|spd|1\n|move|p2b: Annihilape|Drain Punch|p1a: Iron Bundle\n|-supereffective|p1a: Iron Bundle\n|-damage|p1a: Iron Bundle|0 fnt\n|-heal|p2b: Annihilape|81\/100|[from] drain|[of] p1a: Iron Bundle\n|faint|p1a: Iron Bundle\n|-end|p1a: Iron Bundle|Quark Drive|[silent]\n|\n|-sideend|p1: caZISA|move: Tailwind\n|upkeep\n|-message|caZISA forfeited.\n|\n|win|b(R)2\n|raw|caZISA's rating: 1321 → 1305<\/strong> (-16 for losing)\n|raw|b(R)2's rating: 1383 → 1399<\/strong> (+16 for winning)\n|l|\u2606caZISA\n","uploadtime":1682037325,"views":4,"p1id":"cazisa","p2id":"br2","formatid":"gen9vgc2023regulationc","rating":1305,"private":0,"password":""}