{"id":"gen9vgc2023regulationc-1860574513","p1":"Rankiryu","p2":"GreenMidoriVerde","format":"[Gen 9] VGC 2023 Regulation C","log":"|j|\u2606Rankiryu\n|j|\u2606GreenMidoriVerde\n|t:|1683655747\n|gametype|doubles\n|player|p1|Rankiryu|102|1106\n|player|p2|GreenMidoriVerde|pokemaniac|1162\n|teamsize|p1|6\n|teamsize|p2|6\n|gen|9\n|tier|[Gen 9] VGC 2023 Regulation C\n|rated|\n|rule|Species Clause: Limit one of each Pok\u00e9mon\n|rule|Item Clause: Limit one of each item\n|clearpoke\n|poke|p1|Corviknight, L50, M|\n|poke|p1|Dragonite, L50, M|\n|poke|p1|Sylveon, L50, F|\n|poke|p1|Farigiraf, L50, M|\n|poke|p1|Meowscarada, L50, F|\n|poke|p1|Krookodile, L50, M|\n|poke|p2|Chi-Yu, L50|\n|poke|p2|Flutter Mane, L50|\n|poke|p2|Roaring Moon, L50|\n|poke|p2|Lilligant, L50, F|\n|poke|p2|Torkoal, L50, F|\n|poke|p2|Iron Valiant, L50|\n|teampreview|4\n|inactive|Battle timer is ON: inactive players will automatically lose when time's up. (requested by GreenMidoriVerde)\n|\n|t:|1683655766\n|start\n|switch|p1a: Krookodile|Krookodile, L50, M|100\/100\n|switch|p1b: Meowscarada|Meowscarada, L50, F|100\/100\n|switch|p2a: Rua|Torkoal, L50, F, shiny|100\/100\n|switch|p2b: Lilligant|Lilligant, L50, F|100\/100\n|-weather|SunnyDay|[from] ability: Drought|[of] p2a: Rua\n|turn|1\n|\n|t:|1683655780\n|move|p1b: Meowscarada|Flower Trick|p1a: Krookodile\n|-supereffective|p1a: Krookodile\n|-crit|p1a: Krookodile\n|-damage|p1a: Krookodile|6\/100\n|-setboost|p1a: Krookodile|atk|6|[from] ability: Anger Point\n|-enditem|p1a: Krookodile|Salac Berry|[eat]\n|-boost|p1a: Krookodile|spe|1|[from] item: Salac Berry\n|move|p2b: Lilligant|Sleep Powder|p1a: Krookodile\n|-status|p1a: Krookodile|slp|[from] move: Sleep Powder\n|cant|p1a: Krookodile|slp\n|move|p2a: Rua|Heat Wave|p1b: Meowscarada|[spread] p1a,p1b\n|-supereffective|p1b: Meowscarada\n|-crit|p1b: Meowscarada\n|-damage|p1a: Krookodile|0 fnt\n|-damage|p1b: Meowscarada|0 fnt\n|faint|p1a: Krookodile\n|faint|p1b: Meowscarada\n|\n|-weather|SunnyDay|[upkeep]\n|upkeep\n|-message|Rankiryu forfeited.\n|\n|win|GreenMidoriVerde\n|raw|Rankiryu's rating: 1106 → 1085<\/strong> (-21 for losing)\n|raw|GreenMidoriVerde's rating: 1162 → 1183<\/strong> (+21 for winning)\n|l|\u2606Rankiryu\n|c|\u2606GreenMidoriVerde|GGs\n","uploadtime":1683655818,"views":14,"p1id":"rankiryu","p2id":"greenmidoriverde","formatid":"gen9vgc2023regulationc","rating":1085,"private":0,"password":""}