{"id":"gen9vgc2023regulationc-1848894061","p1":"Andriux19","p2":"CarmelPopcorn","format":"[Gen 9] VGC 2023 Regulation C","log":"|j|\u2606Andriux19\n|j|\u2606CarmelPopcorn\n|t:|1682122907\n|gametype|doubles\n|player|p1|Andriux19|101|1067\n|player|p2|CarmelPopcorn|depotagent|1155\n|teamsize|p1|6\n|teamsize|p2|6\n|gen|9\n|tier|[Gen 9] VGC 2023 Regulation C\n|rated|\n|rule|Species Clause: Limit one of each Pok\u00e9mon\n|rule|Item Clause: Limit one of each item\n|clearpoke\n|poke|p1|Palafin, L50, M|\n|poke|p1|Chien-Pao, L50|\n|poke|p1|Dragapult, L50, M|\n|poke|p1|Amoonguss, L50, F|\n|poke|p1|Arcanine, L50, F|\n|poke|p1|Flutter Mane, L50|\n|poke|p2|Ting-Lu, L50|\n|poke|p2|Wo-Chien, L50|\n|poke|p2|Glimmora, L50, F|\n|poke|p2|Flutter Mane, L50|\n|poke|p2|Arcanine, L50, F|\n|poke|p2|Skeledirge, L50, M|\n|teampreview|4\n|inactive|Battle timer is ON: inactive players will automatically lose when time's up. (requested by Andriux19)\n|c|\u2606CarmelPopcorn|Glhf\nCarmelPopcorn has agreed to open team sheets.\n|inactive|Andriux19 has 60 seconds left.\n|\n|t:|1682122946\n|start\n|switch|p1a: Mimi|Flutter Mane, L50|100\/100\n|switch|p1b: Dozo|Palafin, L50, M|100\/100\n|switch|p2a: Salt=Sad|Wo-Chien, L50|100\/100\n|switch|p2b: S Tier|Glimmora, L50, F|100\/100\n|-ability|p2a: Salt=Sad|Tablets of Ruin\n|-enditem|p1a: Mimi|Booster Energy\n|-activate|p1a: Mimi|ability: Protosynthesis|[fromitem]\n|-start|p1a: Mimi|protosynthesisspa\n|turn|1\n|\n|t:|1682122970\n|detailschange|p1b: Dozo|Palafin-Hero, L50, M\n|switch|p1b: Dnite|Dragapult, L50, M|100\/100\n|-terastallize|p2a: Salt=Sad|Fire\n|move|p1a: Mimi|Moonblast|p2a: Salt=Sad\n|-resisted|p2a: Salt=Sad\n|-damage|p2a: Salt=Sad|81\/100\n|move|p2b: S Tier|Mortal Spin|p1a: Mimi|[spread] p1a,p1b\n|-resisted|p1b: Dnite\n|-damage|p1a: Mimi|96\/100\n|-damage|p1b: Dnite|99\/100\n|-status|p1a: Mimi|psn\n|-status|p1b: Dnite|psn\n|move|p2a: Salt=Sad|Leech Seed|p1a: Mimi\n|-start|p1a: Mimi|move: Leech Seed\n|\n|-heal|p2a: Salt=Sad|87\/100|[from] item: Leftovers\n|-damage|p1a: Mimi|84\/100 psn|[from] Leech Seed|[of] p2a: Salt=Sad\n|-heal|p2a: Salt=Sad|96\/100|[silent]\n|-damage|p1b: Dnite|86\/100 psn|[from] psn\n|-damage|p1a: Mimi|72\/100 psn|[from] psn\n|upkeep\n|turn|2\n|inactive|Andriux19 has 30 seconds left.\n|inactive|CarmelPopcorn has 30 seconds left.\n|\n|t:|1682123000\n|move|p1b: Dnite|Dragon Darts|p2a: Salt=Sad\n|-damage|p2a: Salt=Sad|75\/100\n|-anim|p1b: Dnite|Dragon Darts|p2b: S Tier\n|-damage|p2b: S Tier|78\/100\n|-activate|p2b: S Tier|ability: Toxic Debris\n|-sidestart|p1: Andriux19|move: Toxic Spikes\n|move|p1a: Mimi|Shadow Ball|p2a: Salt=Sad\n|-damage|p2a: Salt=Sad|43\/100\n|move|p2b: S Tier|Venoshock|p1b: Dnite\n|-resisted|p1b: Dnite\n|-damage|p1b: Dnite|46\/100 psn\n|move|p2a: Salt=Sad|Leech Seed|p1b: Dnite\n|-start|p1b: Dnite|move: Leech Seed\n|\n|-heal|p2a: Salt=Sad|49\/100|[from] item: Leftovers\n|-damage|p1b: Dnite|34\/100 psn|[from] Leech Seed|[of] p2a: Salt=Sad\n|-heal|p2a: Salt=Sad|60\/100|[silent]\n|-damage|p1a: Mimi|60\/100 psn|[from] Leech Seed|[of] p2a: Salt=Sad\n|-heal|p2a: Salt=Sad|69\/100|[silent]\n|-damage|p1b: Dnite|21\/100 psn|[from] psn\n|-damage|p1a: Mimi|48\/100 psn|[from] psn\n|upkeep\n|turn|3\n|-message|Andriux19 forfeited.\n|\n|win|CarmelPopcorn\n|raw|Andriux19's rating: 1067 → 1052<\/strong> (-15 for losing)\n|raw|CarmelPopcorn's rating: 1155 → 1174<\/strong> (+19 for winning)\n|l|\u2606Andriux19\n|c|\u2606CarmelPopcorn|Bro\n|c|\u2606CarmelPopcorn|Why u quit\n|c|\u2606CarmelPopcorn|:(\n","uploadtime":1682123035,"views":9,"p1id":"andriux19","p2id":"carmelpopcorn","formatid":"gen9vgc2023regulationc","rating":1052,"private":0,"password":""}