{"id":"gen9vgc2023regulationc-1863271072","p1":"Haves2L","p2":"Notvibin","format":"[Gen 9] VGC 2023 Regulation C","log":"|j|\u2606Haves2L\n|j|\u2606Notvibin\n|t:|1683996189\n|gametype|doubles\n|player|p1|Haves2L|1|1196\n|player|p2|Notvibin|theroyal|1281\n|teamsize|p1|6\n|teamsize|p2|6\n|gen|9\n|tier|[Gen 9] VGC 2023 Regulation C\n|rated|\n|rule|Species Clause: Limit one of each Pok\u00e9mon\n|rule|Item Clause: Limit one of each item\n|clearpoke\n|poke|p1|Florges, L50, F|\n|poke|p1|Flutter Mane, L50|\n|poke|p1|Pincurchin, L50, F|\n|poke|p1|Garchomp, L50, F|\n|poke|p1|Iron Treads, L50|\n|poke|p1|Arcanine, L50, F|\n|poke|p2|Flutter Mane, L50|\n|poke|p2|Chi-Yu, L50|\n|poke|p2|Amoonguss, L50, M|\n|poke|p2|Ting-Lu, L50|\n|poke|p2|Palafin, L50, F|\n|poke|p2|Chien-Pao, L50|\n|teampreview|4\n|inactive|Battle timer is ON: inactive players will automatically lose when time's up. (requested by Notvibin)\n|\n|t:|1683996206\n|start\n|switch|p1a: Florges|Florges, L50, F|100\/100\n|switch|p1b: Flutter Mane|Flutter Mane, L50|100\/100\n|switch|p2a: Flutter Mane|Flutter Mane, L50|100\/100\n|switch|p2b: Chi-Yu|Chi-Yu, L50|100\/100\n|-ability|p2b: Chi-Yu|Beads of Ruin\n|-enditem|p1b: Flutter Mane|Booster Energy\n|-activate|p1a: Florges|ability: Symbiosis|Choice Specs|[of] p1b: Flutter Mane\n|-activate|p1b: Flutter Mane|ability: Protosynthesis|[fromitem]\n|-start|p1b: Flutter Mane|protosynthesisspe\n|turn|1\n|\n|t:|1683996216\n|-terastallize|p1b: Flutter Mane|Fairy\n|move|p1a: Florges|Helping Hand|p1b: Flutter Mane\n|-singleturn|p1b: Flutter Mane|Helping Hand|[of] p1a: Florges\n|move|p1b: Flutter Mane|Dazzling Gleam|p2a: Flutter Mane|[spread] p2a,p2b\n|-damage|p2a: Flutter Mane|0 fnt\n|-damage|p2b: Chi-Yu|0 fnt\n|faint|p2a: Flutter Mane\n|-end|p2a: Flutter Mane|Protosynthesis|[silent]\n|faint|p2b: Chi-Yu\n|\n|upkeep\n|c|\u2606Haves2L|gg\n|-message|Notvibin forfeited.\n|\n|win|Haves2L\n|raw|Haves2L's rating: 1196 → 1227<\/strong> (+31 for winning)\n|raw|Notvibin's rating: 1281 → 1250<\/strong> (-31 for losing)\n|l|\u2606Notvibin\n","uploadtime":1683996241,"views":4,"p1id":"haves2l","p2id":"notvibin","formatid":"gen9vgc2023regulationc","rating":1227,"private":0,"password":""}