{"id":"gen9vgc2023regulationc-1848270615","p1":"gholdjunge","p2":"xwang53","format":"[Gen 9] VGC 2023 Regulation C","log":"|j|\u2606gholdjunge\n|j|\u2606xwang53\n|t:|1682051175\n|gametype|doubles\n|player|p1|gholdjunge|youngster-gen2|1501\n|player|p2|xwang53|265|1541\n|teamsize|p1|6\n|teamsize|p2|6\n|gen|9\n|tier|[Gen 9] VGC 2023 Regulation C\n|rated|\n|rule|Species Clause: Limit one of each Pok\u00e9mon\n|rule|Item Clause: Limit one of each item\n|clearpoke\n|poke|p1|Azumarill, L50, M|\n|poke|p1|Pelipper, L50, F|\n|poke|p1|Chien-Pao, L50|\n|poke|p1|Amoonguss, L50, M|\n|poke|p1|Iron Hands, L50|\n|poke|p1|Flutter Mane, L50|\n|poke|p2|Iron Hands, L50|\n|poke|p2|Indeedee-F, L50, F|\n|poke|p2|Armarouge, L50, M|\n|poke|p2|Hatterene, L50, F|\n|poke|p2|Chien-Pao, L50|\n|poke|p2|Iron Valiant, L50|\n|teampreview|4\n|inactive|Battle timer is ON: inactive players will automatically lose when time's up. (requested by xwang53)\n|inactive|xwang53 has 60 seconds left.\n|\n|t:|1682051220\n|start\n|switch|p1a: Chien-Pao|Chien-Pao, L50|100\/100\n|switch|p1b: Azumarill|Azumarill, L50, M|100\/100\n|switch|p2a: Iron Hands|Iron Hands, L50|100\/100\n|switch|p2b: Indeedee|Indeedee-F, L50, F|100\/100\n|-ability|p1a: Chien-Pao|Sword of Ruin\n|-fieldstart|move: Psychic Terrain|[from] ability: Psychic Surge|[of] p2b: Indeedee\n|turn|1\n|inactive|gholdjunge has 30 seconds left.\n|\n|t:|1682051254\n|switch|p2b: Iron Valiant|Iron Valiant, L50|100\/100\n|-enditem|p2b: Iron Valiant|Booster Energy\n|-activate|p2b: Iron Valiant|ability: Quark Drive|[fromitem]\n|-start|p2b: Iron Valiant|quarkdrivespe\n|-terastallize|p2a: Iron Hands|Fire\n|move|p1a: Chien-Pao|Ice Spinner|p2b: Iron Valiant\n|-damage|p2b: Iron Valiant|34\/100\n|-fieldend|move: Psychic Terrain\n|move|p1b: Azumarill|Play Rough|p2a: Iron Hands\n|-resisted|p2a: Iron Hands\n|-damage|p2a: Iron Hands|77\/100\n|move|p2a: Iron Hands|Belly Drum|p2a: Iron Hands\n|-damage|p2a: Iron Hands|27\/100\n|-setboost|p2a: Iron Hands|atk|6|[from] move: Belly Drum\n|-enditem|p2a: Iron Hands|Sitrus Berry|[eat]\n|-heal|p2a: Iron Hands|52\/100|[from] item: Sitrus Berry\n|\n|upkeep\n|turn|2\n|\n|t:|1682051278\n|move|p2b: Iron Valiant|Reflect|p2b: Iron Valiant\n|-sidestart|p2: xwang53|Reflect\n|move|p1a: Chien-Pao|Ice Spinner|p2b: Iron Valiant\n|-damage|p2b: Iron Valiant|0 fnt\n|faint|p2b: Iron Valiant\n|-end|p2b: Iron Valiant|Quark Drive|[silent]\n|move|p1b: Azumarill|Liquidation|p2a: Iron Hands\n|-supereffective|p2a: Iron Hands\n|-damage|p2a: Iron Hands|0 fnt\n|faint|p2a: Iron Hands\n|-end|p2a: Iron Hands|Quark Drive|[silent]\n|\n|upkeep\n|-message|xwang53 forfeited.\n|\n|win|gholdjunge\n|raw|gholdjunge's rating: 1501 → 1523<\/strong> (+22 for winning)\n|raw|xwang53's rating: 1541 → 1519<\/strong> (-22 for losing)\n|l|\u2606xwang53\n","uploadtime":1682051296,"views":17,"p1id":"gholdjunge","p2id":"xwang53","formatid":"gen9vgc2023regulationc","rating":1519,"private":0,"password":""}