{"id":"gen9vgc2023regulationc-1854506865","p1":"ispc","p2":"Disobedient_vgc","format":"[Gen 9] VGC 2023 Regulation C","log":"|j|\u2606ispc\n|j|\u2606Disobedient_vgc\n|t:|1682819828\n|gametype|doubles\n|player|p1|ispc|2|1311\n|player|p2|Disobedient_vgc|palmer|1283\n|teamsize|p1|6\n|teamsize|p2|6\n|gen|9\n|tier|[Gen 9] VGC 2023 Regulation C\n|rated|\n|rule|Species Clause: Limit one of each Pok\u00e9mon\n|rule|Item Clause: Limit one of each item\n|clearpoke\n|poke|p1|Tyranitar, L50, M|\n|poke|p1|Lycanroc, L50, F|\n|poke|p1|Maushold, L50|\n|poke|p1|Annihilape, L50, M|\n|poke|p1|Flutter Mane, L50|\n|poke|p1|Chien-Pao, L50|\n|poke|p2|Ting-Lu, L50|\n|poke|p2|Abomasnow, L50, M|\n|poke|p2|Flutter Mane, L50|\n|poke|p2|Iron Hands, L50|\n|poke|p2|Bronzong, L50|\n|poke|p2|Arcanine, L50, F|\n|teampreview|4\n|\n|t:|1682819854\n|start\n|switch|p1a: Maushold|Maushold, L50|100\/100\n|switch|p1b: Annihilape|Annihilape, L50, M|100\/100\n|switch|p2a: Bronzong|Bronzong, L50, shiny|100\/100\n|switch|p2b: Iron Hands|Iron Hands, L50, shiny|100\/100\n|turn|1\n|\n|t:|1682819886\n|switch|p1b: Chien-Pao|Chien-Pao, L50|100\/100\n|-ability|p1b: Chien-Pao|Sword of Ruin\n|-terastallize|p1a: Maushold|Ghost\n|move|p1a: Maushold|Population Bomb|p2b: Iron Hands\n|-crit|p2b: Iron Hands\n|-damage|p2b: Iron Hands|85\/100\n|-damage|p2b: Iron Hands|75\/100\n|-damage|p2b: Iron Hands|64\/100\n|-damage|p2b: Iron Hands|54\/100\n|-damage|p2b: Iron Hands|44\/100\n|-damage|p2b: Iron Hands|34\/100\n|-damage|p2b: Iron Hands|24\/100\n|-damage|p2b: Iron Hands|14\/100\n|-damage|p2b: Iron Hands|4\/100\n|-damage|p2b: Iron Hands|0 fnt\n|faint|p2b: Iron Hands\n|-end|p2b: Iron Hands|Quark Drive|[silent]\n|-hitcount|p2: Iron Hands|10\n|move|p2a: Bronzong|Trick Room|p2a: Bronzong\n|-fieldstart|move: Trick Room|[of] p2a: Bronzong\n|\n|upkeep\n|\n|t:|1682819907\n|switch|p2b: Ting-Lu|Ting-Lu, L50|100\/100\n|-ability|p2b: Ting-Lu|Vessel of Ruin\n|turn|2\n|\n|t:|1682819921\n|switch|p1b: Annihilape|Annihilape, L50, M|100\/100\n|-terastallize|p2b: Ting-Lu|Ground\n|move|p1a: Maushold|Protect|p1a: Maushold\n|-singleturn|p1a: Maushold|Protect\n|move|p2a: Bronzong|Gyro Ball|p1b: Annihilape\n|-damage|p1b: Annihilape|67\/100\n|move|p2b: Ting-Lu|Earthquake|p1a: Maushold|[spread] p1b\n|-activate|p1a: Maushold|move: Protect\n|-immune|p2a: Bronzong|[from] ability: Levitate\n|-damage|p1b: Annihilape|0 fnt\n|faint|p1b: Annihilape\n|\n|upkeep\n|\n|t:|1682819949\n|switch|p1b: Chien-Pao|Chien-Pao, L50|100\/100\n|-ability|p1b: Chien-Pao|Sword of Ruin\n|turn|3\n|\n|t:|1682819959\n|move|p1b: Chien-Pao|Sucker Punch|p2b: Ting-Lu\n|-damage|p2b: Ting-Lu|78\/100\n|move|p2a: Bronzong|Gyro Ball|p1b: Chien-Pao\n|-supereffective|p1b: Chien-Pao\n|-damage|p1b: Chien-Pao|0 fnt\n|faint|p1b: Chien-Pao\n|move|p2b: Ting-Lu|Earthquake|p1a: Maushold|[spread] p1a\n|-immune|p2a: Bronzong|[from] ability: Levitate\n|-damage|p1a: Maushold|0 fnt\n|faint|p1a: Maushold\n|\n|upkeep\n|\n|t:|1682819969\n|switch|p1b: Flutter Mane|Flutter Mane, L50|100\/100\n|turn|4\n|-message|ispc forfeited.\n|\n|win|Disobedient_vgc\n|raw|ispc's rating: 1311 → 1289<\/strong> (-22 for losing)\n|raw|Disobedient_vgc's rating: 1283 → 1310<\/strong> (+27 for winning)\n|l|\u2606ispc\n","uploadtime":1682820146,"views":17,"p1id":"ispc","p2id":"disobedientvgc","formatid":"gen9vgc2023regulationc","rating":1289,"private":0,"password":""}