{"id":"gen9vgc2023regulationc-1845065053","p1":"JimmyLeSimplet","p2":"Evil Flowey","format":"[Gen 9] VGC 2023 Regulation C","log":"|j|\u2606JimmyLeSimplet\n|j|\u2606Evil Flowey\n|t:|1681679537\n|gametype|doubles\n|player|p1|JimmyLeSimplet|ethan|1605\n|player|p2|Evil Flowey|volo|1614\n|teamsize|p1|6\n|teamsize|p2|6\n|gen|9\n|tier|[Gen 9] VGC 2023 Regulation C\n|rated|\n|rule|Species Clause: Limit one of each Pok\u00e9mon\n|rule|Item Clause: Limit one of each item\n|clearpoke\n|poke|p1|Iron Hands, L50|\n|poke|p1|Iron Bundle, L50|\n|poke|p1|Gholdengo, L50|\n|poke|p1|Mimikyu, L50, M|\n|poke|p1|Pelipper, L50, M|\n|poke|p1|Palafin, L50, F|\n|poke|p2|Baxcalibur, L50, F|\n|poke|p2|Torkoal, L50, M|\n|poke|p2|Chi-Yu, L50|\n|poke|p2|Ting-Lu, L50|\n|poke|p2|Dachsbun, L50, F|\n|poke|p2|Kingambit, L50, M|\n|teampreview|4\n|inactive|Battle timer is ON: inactive players will automatically lose when time's up. (requested by Evil Flowey)\n|\n|t:|1681679555\n|start\n|switch|p1a: Iron Hands|Iron Hands, L50, shiny|100\/100\n|switch|p1b: Mimikyu|Mimikyu, L50, M|100\/100\n|switch|p2a: Ting-Lu|Ting-Lu, L50|100\/100\n|switch|p2b: Queengambit|Kingambit, L50, M|100\/100\n|-ability|p2a: Ting-Lu|Vessel of Ruin\n|turn|1\n|inactive|Evil Flowey has 30 seconds left.\n|inactive|Evil Flowey has 20 seconds left.\n|inactive|Evil Flowey has 15 seconds left.\n|inactive|Evil Flowey has 10 seconds left.\n|\n|t:|1681679604\n|-terastallize|p2b: Queengambit|Flying\n|move|p1b: Mimikyu|Play Rough|p2a: Ting-Lu\n|-supereffective|p2a: Ting-Lu\n|-damage|p2a: Ting-Lu|43\/100\n|-enditem|p2a: Ting-Lu|Weakness Policy\n|-boost|p2a: Ting-Lu|atk|2|[from] item: Weakness Policy\n|-boost|p2a: Ting-Lu|spa|2|[from] item: Weakness Policy\n|-damage|p1b: Mimikyu|91\/100|[from] item: Life Orb\n|move|p1a: Iron Hands|Drain Punch|p2b: Queengambit\n|-resisted|p2b: Queengambit\n|-damage|p2b: Queengambit|85\/100\n|move|p2a: Ting-Lu|Earthquake|p1b: Mimikyu|[spread] p1a,p1b\n|-immune|p2b: Queengambit\n|-supereffective|p1a: Iron Hands\n|-damage|p1a: Iron Hands|0 fnt\n|-activate|p1b: Mimikyu|ability: Disguise\n|-damage|p1b: Mimikyu|91\/100\n|detailschange|p1b: Mimikyu|Mimikyu-Busted, L50, M\n|-damage|p1b: Mimikyu|78\/100|[from] pokemon: Mimikyu-Busted\n|faint|p1a: Iron Hands\n|-end|p1a: Iron Hands|Quark Drive|[silent]\n|move|p2b: Queengambit|Iron Head|p1b: Mimikyu\n|-supereffective|p1b: Mimikyu\n|-damage|p1b: Mimikyu|0 fnt\n|faint|p1b: Mimikyu\n|\n|upkeep\n|\n|t:|1681679615\n|switch|p1b: Gholdengo|Gholdengo, L50|100\/100\n|switch|p1a: Pelipper|Pelipper, L50, M, shiny|100\/100\n|-weather|RainDance|[from] ability: Drizzle|[of] p1a: Pelipper\n|turn|2\n|j| Riquelme14\n|inactive|JimmyLeSimplet has 30 seconds left.\n|inactive|Evil Flowey has 30 seconds left.\n|inactive|Evil Flowey has 20 seconds left.\n|inactive|Evil Flowey has 15 seconds left.\n|inactive|Evil Flowey has 10 seconds left.\n|\n|t:|1681679661\n|-terastallize|p1b: Gholdengo|Water\n|move|p1b: Gholdengo|Tera Blast|p2b: Queengambit\n|-damage|p2b: Queengambit|31\/100\n|move|p1a: Pelipper|Hydro Pump|p2a: Ting-Lu\n|-supereffective|p2a: Ting-Lu\n|-damage|p2a: Ting-Lu|0 fnt\n|faint|p2a: Ting-Lu\n|move|p2b: Queengambit|Tera Blast|p1a: Pelipper\n|-damage|p1a: Pelipper|42\/100\n|\n|-weather|RainDance|[upkeep]\n|upkeep\n|\n|t:|1681679673\n|switch|p2a: Luigi|Torkoal, L50, M|100\/100\n|-weather|SunnyDay|[from] ability: Drought|[of] p2a: Luigi\n|turn|3\n|\n|t:|1681679686\n|move|p2a: Luigi|Protect|p2a: Luigi\n|-singleturn|p2a: Luigi|Protect\n|move|p2b: Queengambit|Sucker Punch|p1a: Pelipper\n|-damage|p1a: Pelipper|0 fnt\n|faint|p1a: Pelipper\n|move|p1b: Gholdengo|Tera Blast|p2b: Queengambit\n|-damage|p2b: Queengambit|6\/100\n|\n|-weather|SunnyDay|[upkeep]\n|upkeep\n|turn|4\n|\n|t:|1681679697\n|move|p2b: Queengambit|Sucker Punch|p1b: Gholdengo\n|-damage|p1b: Gholdengo|52\/100\n|move|p1b: Gholdengo|Tera Blast|p2a: Luigi\n|-supereffective|p2a: Luigi\n|-damage|p2a: Luigi|16\/100\n|-enditem|p2a: Luigi|Sitrus Berry|[eat]\n|-heal|p2a: Luigi|41\/100|[from] item: Sitrus Berry\n|move|p2a: Luigi|Solar Beam||[still]\n|-prepare|p2a: Luigi|Solar Beam\n|-anim|p2a: Luigi|Solar Beam|p1b: Gholdengo\n|-supereffective|p1b: Gholdengo\n|-damage|p1b: Gholdengo|0 fnt\n|faint|p1b: Gholdengo\n|\n|win|Evil Flowey\n|raw|JimmyLeSimplet's rating: 1605 → 1586<\/strong> (-19 for losing)\n|raw|Evil Flowey's rating: 1614 → 1633<\/strong> (+19 for winning)\n|l|\u2606JimmyLeSimplet\n|l|\u2606Evil Flowey\n","uploadtime":1681679735,"views":6,"p1id":"jimmylesimplet","p2id":"evilflowey","formatid":"gen9vgc2023regulationc","rating":1586,"private":0,"password":""}