{"id":"gen9vgc2023regulationc-1860625889","p1":"Spearwinner","p2":"pessopissaoyeye","format":"[Gen 9] VGC 2023 Regulation C","log":"|j|\u2606Spearwinner\n|j|\u2606pessopissaoyeye\n|t:|1683660249\n|gametype|doubles\n|player|p1|Spearwinner|169|\n|player|p2|pessopissaoyeye|brycenman|\n|teamsize|p1|6\n|teamsize|p2|6\n|gen|9\n|tier|[Gen 9] VGC 2023 Regulation C\n|rule|Species Clause: Limit one of each Pok\u00e9mon\n|rule|Item Clause: Limit one of each item\n|clearpoke\n|poke|p1|Indeedee-F, L50, F|\n|poke|p1|Armarouge, L50, F|\n|poke|p1|Torkoal, L50, M|\n|poke|p1|Hatterene, L50, F|\n|poke|p1|Kingambit, L50, M|\n|poke|p1|Lilligant, L50, F|\n|poke|p2|Palafin, L50, M|\n|poke|p2|Arcanine, L50, F|\n|poke|p2|Amoonguss, L50, F|\n|poke|p2|Ting-Lu, L50|\n|poke|p2|Iron Hands, L50|\n|poke|p2|Flutter Mane, L50|\n|teampreview|4\n|inactive|Battle timer is ON: inactive players will automatically lose when time's up. (requested by pessopissaoyeye)\n|inactiveoff|Battle timer is now OFF.\npessopissaoyeye has agreed to open team sheets.\n|c|\u2606Spearwinner|g2\nSpearwinner has agreed to open team sheets.\n|j| DOUUS Octoto\n|inactive|Battle timer is ON: inactive players will automatically lose when time's up. (requested by pessopissaoyeye)\n|c|\u2606Spearwinner|glhf\n|c|\u2606pessopissaoyeye|ty u2\n|inactive|Spearwinner has 30 seconds left.\n|inactive|Spearwinner has 20 seconds left.\n|inactive|Spearwinner has 15 seconds left.\n|\n|t:|1683660725\n|start\n|switch|p1a: Indeedee|Indeedee-F, L50, F|100\/100\n|switch|p1b: Hatterene|Hatterene, L50, F, shiny|100\/100\n|switch|p2a: Ting-Lu|Ting-Lu, L50|100\/100\n|switch|p2b: Arcanine|Arcanine, L50, F|100\/100\n|-ability|p2b: Arcanine|Intimidate|boost\n|-unboost|p1a: Indeedee|atk|1\n|-unboost|p1b: Hatterene|atk|1\n|-fieldstart|move: Psychic Terrain|[from] ability: Psychic Surge|[of] p1a: Indeedee\n|-enditem|p1a: Indeedee|Psychic Seed\n|-boost|p1a: Indeedee|spd|1|[from] item: Psychic Seed\n|-ability|p2a: Ting-Lu|Vessel of Ruin\n|turn|1\n|inactive|pessopissaoyeye has 30 seconds left.\n|\n|t:|1683660756\n|move|p1a: Indeedee|Follow Me|p1a: Indeedee\n|-singleturn|p1a: Indeedee|move: Follow Me\n|move|p2b: Arcanine|Flare Blitz|p1a: Indeedee\n|-damage|p1a: Indeedee|54\/100\n|-damage|p2b: Arcanine|87\/100|[from] Recoil\n|move|p2a: Ting-Lu|Heavy Slam|p1a: Indeedee\n|-damage|p1a: Indeedee|19\/100\n|move|p1b: Hatterene|Dazzling Gleam|p2a: Ting-Lu|[spread] p2a,p2b\n|-supereffective|p2a: Ting-Lu\n|-resisted|p2b: Arcanine\n|-damage|p2a: Ting-Lu|55\/100\n|-damage|p2b: Arcanine|69\/100\n|-damage|p1b: Hatterene|91\/100|[from] item: Life Orb\n|\n|-heal|p2a: Ting-Lu|61\/100|[from] item: Leftovers\n|upkeep\n|turn|2\n|\n|t:|1683660776\n|-terastallize|p1b: Hatterene|Fire\n|move|p1a: Indeedee|Helping Hand|p1b: Hatterene\n|-singleturn|p1b: Hatterene|Helping Hand|[of] p1a: Indeedee\n|move|p2b: Arcanine|Flare Blitz|p1a: Indeedee\n|-damage|p1a: Indeedee|0 fnt\n|faint|p1a: Indeedee\n|-damage|p2b: Arcanine|63\/100|[from] Recoil\n|move|p2a: Ting-Lu|Stomping Tantrum|p1b: Hatterene\n|-supereffective|p1b: Hatterene\n|-damage|p1b: Hatterene|23\/100\n|move|p1b: Hatterene|Dazzling Gleam|p2a: Ting-Lu|[spread] p2a,p2b\n|-supereffective|p2a: Ting-Lu\n|-resisted|p2b: Arcanine\n|-damage|p2a: Ting-Lu|0 fnt\n|-damage|p2b: Arcanine|39\/100\n|faint|p2a: Ting-Lu\n|-damage|p1b: Hatterene|14\/100|[from] item: Life Orb\n|\n|upkeep\n|\n|t:|1683660796\n|switch|p1a: Torkoal|Torkoal, L50, M|100\/100\n|switch|p2a: Flutter Mane|Flutter Mane, L50|100\/100\n|-weather|SunnyDay|[from] ability: Drought|[of] p1a: Torkoal\n|-activate|p2a: Flutter Mane|ability: Protosynthesis\n|-start|p2a: Flutter Mane|protosynthesisspa\n|turn|3\n|inactive|Spearwinner has 30 seconds left.\n|\n|t:|1683660822\n|-terastallize|p2a: Flutter Mane|Fairy\n|move|p2a: Flutter Mane|Dazzling Gleam|p1a: Torkoal|[spread] p1a,p1b\n|-resisted|p1a: Torkoal\n|-resisted|p1b: Hatterene\n|-damage|p1a: Torkoal|45\/100\n|-damage|p1b: Hatterene|0 fnt\n|faint|p1b: Hatterene\n|move|p2b: Arcanine|Flare Blitz|p1a: Torkoal\n|-resisted|p1a: Torkoal\n|-damage|p1a: Torkoal|18\/100\n|-damage|p2b: Arcanine|30\/100|[from] Recoil\n|move|p1a: Torkoal|Eruption|p2b: Arcanine|[spread] p2a,p2b\n|-resisted|p2b: Arcanine\n|-damage|p2a: Flutter Mane|84\/100\n|-damage|p2b: Arcanine|22\/100\n|\n|-weather|SunnyDay|[upkeep]\n|upkeep\n|\n|t:|1683660838\n|switch|p1b: Kingambit|Kingambit, L50, M|100\/100\n|turn|4\n|\n|t:|1683660851\n|move|p2a: Flutter Mane|Dazzling Gleam|p1b: Kingambit|[spread] p1a,p1b\n|-resisted|p1a: Torkoal\n|-damage|p1a: Torkoal|0 fnt\n|-damage|p1b: Kingambit|20\/100\n|faint|p1a: Torkoal\n|move|p2b: Arcanine|Flare Blitz|p1b: Kingambit\n|-supereffective|p1b: Kingambit\n|-damage|p1b: Kingambit|0 fnt\n|faint|p1b: Kingambit\n|-damage|p2b: Arcanine|15\/100|[from] Recoil\n|\n|win|pessopissaoyeye\n|c|\u2606Spearwinner|gg\n|c|\u2606pessopissaoyeye|gg\n|c|\u2606Spearwinner|nice reed\n|c|\u2606Spearwinner|read*\n|c|\u2606pessopissaoyeye|ty\n|l|\u2606Spearwinner\n|l| DOUUS Octoto\n","uploadtime":1683662195,"views":17,"p1id":"spearwinner","p2id":"pessopissaoyeye","formatid":"gen9vgc2023regulationc","rating":0,"private":0,"password":""}