{"id":"gen9vgc2023regulationc-1857198381","p1":"Fijiwater301","p2":"dahyun14","format":"[Gen 9] VGC 2023 Regulation C","log":"|j|\u2606Fijiwater301\n|j|\u2606dahyun14\n|t:|1683156938\n|gametype|doubles\n|player|p1|Fijiwater301|2|1000\n|player|p2|dahyun14|1|1031\n|teamsize|p1|6\n|teamsize|p2|6\n|gen|9\n|tier|[Gen 9] VGC 2023 Regulation C\n|rated|\n|rule|Species Clause: Limit one of each Pok\u00e9mon\n|rule|Item Clause: Limit one of each item\n|clearpoke\n|poke|p1|Flutter Mane, L50|\n|poke|p1|Wo-Chien, L50|\n|poke|p1|Torkoal, L50, F|\n|poke|p1|Jumpluff, L50, F|\n|poke|p1|Roaring Moon, L50|\n|poke|p1|Chi-Yu, L50|\n|poke|p2|Iron Hands, L50|\n|poke|p2|Amoonguss, L50, F|\n|poke|p2|Pelipper, L50, F|\n|poke|p2|Palafin, L50, F|\n|poke|p2|Baxcalibur, L50, F|\n|poke|p2|Dragonite, L50, F|\n|teampreview|4\ndahyun14 has agreed to open team sheets.\n|inactive|Battle timer is ON: inactive players will automatically lose when time's up. (requested by Fijiwater301)\n|\n|t:|1683156966\n|start\n|switch|p1a: Flutter Mane|Flutter Mane, L50|100\/100\n|switch|p1b: Wo-Chien|Wo-Chien, L50|100\/100\n|switch|p2a: Shrom41Mor|Amoonguss, L50, F|100\/100\n|switch|p2b: Beaker|Pelipper, L50, F|100\/100\n|-weather|RainDance|[from] ability: Drizzle|[of] p2b: Beaker\n|-ability|p1b: Wo-Chien|Tablets of Ruin\n|turn|1\n|inactive|Fijiwater301 has 30 seconds left.\n|inactive|Fijiwater301 has 20 seconds left.\n|\n|t:|1683157004\n|-terastallize|p1a: Flutter Mane|Grass\n|move|p2b: Beaker|Tailwind|p2b: Beaker\n|-sidestart|p2: dahyun14|move: Tailwind\n|move|p1b: Wo-Chien|Leaf Storm|p2a: Shrom41Mor\n|-resisted|p2a: Shrom41Mor\n|-damage|p2a: Shrom41Mor|89\/100\n|-unboost|p1b: Wo-Chien|spa|2\n|-enditem|p1b: Wo-Chien|Eject Pack\n|\n|t:|1683157013\n|switch|p1b: Torkoal|Torkoal, L50, F|100\/100\n|-weather|SunnyDay|[from] ability: Drought|[of] p1b: Torkoal\n|-activate|p1a: Flutter Mane|ability: Protosynthesis\n|-start|p1a: Flutter Mane|protosynthesisspa\n|move|p2a: Shrom41Mor|Spore|p1a: Flutter Mane\n|-immune|p1a: Flutter Mane\n|move|p1a: Flutter Mane|Trick Room|p1a: Flutter Mane\n|-fieldstart|move: Trick Room|[of] p1a: Flutter Mane\n|\n|-weather|SunnyDay|[upkeep]\n|upkeep\n|turn|2\n|inactive|Fijiwater301 has 30 seconds left.\n|\n|t:|1683157038\n|switch|p2a: Torqoise|Palafin, L50, F|100\/100\n|move|p2b: Beaker|Protect|p2b: Beaker\n|-singleturn|p2b: Beaker|Protect\n|move|p1b: Torkoal|Eruption|p2b: Beaker|[spread] p2a\n|-activate|p2b: Beaker|move: Protect\n|-resisted|p2a: Torqoise\n|-damage|p2a: Torqoise|32\/100\n|move|p1a: Flutter Mane|Dazzling Gleam|p2b: Beaker|[spread] p2a\n|-activate|p2b: Beaker|move: Protect\n|-damage|p2a: Torqoise|0 fnt\n|faint|p2a: Torqoise\n|\n|-weather|SunnyDay|[upkeep]\n|upkeep\n|\n|t:|1683157053\n|switch|p2a: BlockBuster|Baxcalibur, L50, F|100\/100\n|turn|3\n|\n|t:|1683157062\n|switch|p2b: Shrom41Mor|Amoonguss, L50, F|100\/100\n|move|p1b: Torkoal|Eruption|p2b: Shrom41Mor|[spread] p2a,p2b\n|-supereffective|p2b: Shrom41Mor\n|-damage|p2a: BlockBuster|9\/100\n|-damage|p2b: Shrom41Mor|0 fnt\n|-ability|p2a: BlockBuster|Thermal Exchange|boost\n|-boost|p2a: BlockBuster|atk|1\n|faint|p2b: Shrom41Mor\n|move|p1a: Flutter Mane|Dazzling Gleam|p2a: BlockBuster\n|-supereffective|p2a: BlockBuster\n|-damage|p2a: BlockBuster|0 fnt\n|faint|p2a: BlockBuster\n|\n|-weather|SunnyDay|[upkeep]\n|upkeep\n|-message|dahyun14 forfeited.\n|\n|win|Fijiwater301\n|raw|Fijiwater301's rating: 1000 → 1044<\/strong> (+44 for winning)\n|raw|dahyun14's rating: 1031 → 1015<\/strong> (-16 for losing)\n|l|\u2606dahyun14\n","uploadtime":1683157078,"views":9,"p1id":"fijiwater301","p2id":"dahyun14","formatid":"gen9vgc2023regulationc","rating":1015,"private":0,"password":""}