{"id":"gen9vgc2023regulationc-1845895265","p1":"cps annie","p2":"Chickenman_moyu","format":"[Gen 9] VGC 2023 Regulation C","log":"|j|\u2606cps annie\n|j|\u2606Chickenman_moyu\n|t:|1681776469\n|gametype|doubles\n|player|p1|cps annie|will|1164\n|player|p2|Chickenman_moyu|unknown|1174\n|teamsize|p1|6\n|teamsize|p2|6\n|gen|9\n|tier|[Gen 9] VGC 2023 Regulation C\n|rated|\n|rule|Species Clause: Limit one of each Pok\u00e9mon\n|rule|Item Clause: Limit one of each item\n|clearpoke\n|poke|p1|Baxcalibur, L50, F|\n|poke|p1|Arcanine, L50, F|\n|poke|p1|Flutter Mane, L50|\n|poke|p1|Amoonguss, L50, F|\n|poke|p1|Hawlucha, L50, F|\n|poke|p1|Grimmsnarl, L50, M|\n|poke|p2|Tyranitar, L50, F|\n|poke|p2|Amoonguss, L50, F|\n|poke|p2|Flutter Mane, L50|\n|poke|p2|Tauros-Paldea-Blaze, L50, M|\n|poke|p2|Iron Bundle, L50|\n|poke|p2|Lycanroc, L50, F|\n|teampreview|4\n|\n|t:|1681776493\n|start\n|switch|p1a: Grimmsnarl|Grimmsnarl, L50, M, shiny|100\/100\n|switch|p1b: Dudulucha|Hawlucha, L50, F, shiny|100\/100\n|switch|p2a: Flutter Mane|Flutter Mane, L50|100\/100\n|switch|p2b: Lycanroc|Lycanroc, L50, F|100\/100\n|turn|1\n|\n|t:|1681776517\n|switch|p2b: Tauros|Tauros-Paldea-Blaze, L50, M|100\/100\n|-ability|p2b: Tauros|Intimidate|boost\n|-unboost|p1a: Grimmsnarl|atk|1\n|-unboost|p1b: Dudulucha|atk|1\n|-terastallize|p1b: Dudulucha|Steel\n|move|p1a: Grimmsnarl|Swagger|p1b: Dudulucha\n|-boost|p1b: Dudulucha|atk|2\n|-start|p1b: Dudulucha|confusion\n|-enditem|p1b: Dudulucha|Lum Berry|[eat]\n|-end|p1b: Dudulucha|confusion\n|move|p1b: Dudulucha|Acrobatics|p2a: Flutter Mane\n|-damage|p2a: Flutter Mane|0 fnt\n|faint|p2a: Flutter Mane\n|-end|p2a: Flutter Mane|Protosynthesis|[silent]\n|\n|upkeep\n|-message|Chickenman_moyu forfeited.\n|\n|win|cps annie\n|raw|cps annie's rating: 1164 → 1190<\/strong> (+26 for winning)\n|raw|Chickenman_moyu's rating: 1174 → 1148<\/strong> (-26 for losing)\n|l|\u2606Chickenman_moyu\n","uploadtime":1681776549,"views":10,"p1id":"cpsannie","p2id":"chickenmanmoyu","formatid":"gen9vgc2023regulationc","rating":1148,"private":0,"password":""}