{"id":"gen9vgc2023regulationc-1864374673","p1":"Dragopult124","p2":"littlemasteraik","format":"[Gen 9] VGC 2023 Regulation C","log":"|j|\u2606Dragopult124\n|j|\u2606littlemasteraik\n|t:|1684160816\n|gametype|doubles\n|player|p1|Dragopult124|1|1412\n|player|p2|littlemasteraik|102|1353\n|teamsize|p1|6\n|teamsize|p2|6\n|gen|9\n|tier|[Gen 9] VGC 2023 Regulation C\n|rated|\n|rule|Species Clause: Limit one of each Pok\u00e9mon\n|rule|Item Clause: Limit one of each item\n|clearpoke\n|poke|p1|Volcarona, L50, F|\n|poke|p1|Gholdengo, L50|\n|poke|p1|Ting-Lu, L50|\n|poke|p1|Grimmsnarl, L50, M|\n|poke|p1|Baxcalibur, L50, F|\n|poke|p1|Iron Hands, L50|\n|poke|p2|Talonflame, L50, M|\n|poke|p2|Amoonguss, L50, F|\n|poke|p2|Flutter Mane, L50|\n|poke|p2|Chi-Yu, L50|\n|poke|p2|Iron Bundle, L50|\n|poke|p2|Azumarill, L50, F|\n|teampreview|4\n|inactive|Battle timer is ON: inactive players will automatically lose when time's up. (requested by Dragopult124)\nDragopult124 rejected open team sheets.\n|\n|t:|1684160853\n|start\n|switch|p1a: Ting-Lu|Ting-Lu, L50|100\/100\n|switch|p1b: Grimmsnarl|Grimmsnarl, L50, M|100\/100\n|switch|p2a: Talonflame|Talonflame, L50, M|100\/100\n|switch|p2b: Flutter Mane|Flutter Mane, L50|100\/100\n|-ability|p1a: Ting-Lu|Vessel of Ruin\n|turn|1\n|\n|t:|1684160878\n|-terastallize|p2b: Flutter Mane|Fairy\n|move|p1b: Grimmsnarl|Light Screen|p1b: Grimmsnarl\n|-sidestart|p1: Dragopult124|move: Light Screen\n|move|p2a: Talonflame|Will-O-Wisp|p1a: Ting-Lu\n|-status|p1a: Ting-Lu|brn\n|move|p2b: Flutter Mane|Moonblast|p1b: Grimmsnarl\n|-supereffective|p1b: Grimmsnarl\n|-damage|p1b: Grimmsnarl|3\/100\n|move|p1a: Ting-Lu|Rock Slide|p2b: Flutter Mane|[spread] p2a,p2b\n|-supereffective|p2a: Talonflame\n|-damage|p2a: Talonflame|57\/100\n|-damage|p2b: Flutter Mane|89\/100\n|\n|-damage|p1a: Ting-Lu|95\/100 brn|[from] brn\n|upkeep\n|turn|2\n|inactive|littlemasteraik has 30 seconds left.\n|\n|t:|1684160904\n|move|p1b: Grimmsnarl|Reflect|p1b: Grimmsnarl\n|-sidestart|p1: Dragopult124|Reflect\n|move|p2a: Talonflame|Brave Bird|p1b: Grimmsnarl\n|-damage|p1b: Grimmsnarl|0 fnt\n|faint|p1b: Grimmsnarl\n|-damage|p2a: Talonflame|56\/100|[from] Recoil\n|move|p2b: Flutter Mane|Moonblast|p1a: Ting-Lu\n|-supereffective|p1a: Ting-Lu\n|-damage|p1a: Ting-Lu|48\/100 brn\n|move|p1a: Ting-Lu|Heavy Slam|p2b: Flutter Mane\n|-supereffective|p2b: Flutter Mane\n|-damage|p2b: Flutter Mane|33\/100\n|\n|-damage|p1a: Ting-Lu|42\/100 brn|[from] brn\n|upkeep\n|\n|t:|1684160918\n|switch|p1b: Gholdengo|Gholdengo, L50|100\/100\n|turn|3\n|\n|t:|1684160935\n|-terastallize|p1b: Gholdengo|Flying\n|move|p2a: Talonflame|Tailwind|p2a: Talonflame\n|-sidestart|p2: littlemasteraik|move: Tailwind\n|move|p2b: Flutter Mane|Moonblast|p1a: Ting-Lu\n|-supereffective|p1a: Ting-Lu\n|-damage|p1a: Ting-Lu|0 fnt\n|faint|p1a: Ting-Lu\n|move|p1b: Gholdengo|Shadow Ball|p2a: Talonflame\n|-damage|p2a: Talonflame|0 fnt\n|faint|p2a: Talonflame\n|-damage|p1b: Gholdengo|91\/100|[from] item: Life Orb\n|\n|upkeep\n|-message|Dragopult124 forfeited.\n|\n|win|littlemasteraik\n|raw|Dragopult124's rating: 1412 → 1389<\/strong> (-23 for losing)\n|raw|littlemasteraik's rating: 1353 → 1376<\/strong> (+23 for winning)\n|l|\u2606Dragopult124\n","uploadtime":1684160957,"views":9,"p1id":"dragopult124","p2id":"littlemasteraik","formatid":"gen9vgc2023regulationc","rating":1376,"private":0,"password":""}