{"id":"gen9vgc2023regulationc-1849172748","p1":"HDZActs","p2":"Etr3me","format":"[Gen 9] VGC 2023 Regulation C","log":"|j|\u2606HDZActs\n|j|\u2606Etr3me\n|t:|1682168123\n|gametype|doubles\n|player|p1|HDZActs|2|1044\n|player|p2|Etr3me|bugcatcher-gen4dp|1007\n|teamsize|p1|6\n|teamsize|p2|6\n|gen|9\n|tier|[Gen 9] VGC 2023 Regulation C\n|rated|\n|rule|Species Clause: Limit one of each Pok\u00e9mon\n|rule|Item Clause: Limit one of each item\n|clearpoke\n|poke|p1|Gengar, L50, F|\n|poke|p1|Iron Hands, L50|\n|poke|p1|Pelipper, L50, M|\n|poke|p1|Hatterene, L50, F|\n|poke|p1|Gholdengo, L50|\n|poke|p1|Arcanine, L50, F|\n|poke|p2|Murkrow, L50, F|\n|poke|p2|Chi-Yu, L50|\n|poke|p2|Flutter Mane, L50|\n|poke|p2|Great Tusk, L50|\n|poke|p2|Brute Bonnet, L50|\n|poke|p2|Corviknight, L50, F|\n|teampreview|4\n|\n|t:|1682168149\n|start\n|switch|p1a: Gengar|Gengar, L50, F, shiny|100\/100\n|switch|p1b: Iron Hands|Iron Hands, L50|100\/100\n|switch|p2a: birb2|Corviknight, L50, F|100\/100\n|switch|p2b: armadilo|Great Tusk, L50|100\/100\n|-enditem|p1b: Iron Hands|Booster Energy\n|-activate|p1b: Iron Hands|ability: Quark Drive|[fromitem]\n|-start|p1b: Iron Hands|quarkdriveatk\n|turn|1\n|\n|t:|1682168182\n|move|p2b: armadilo|Earthquake|p1b: Iron Hands|[spread] p1a,p1b\n|-immune|p2a: birb2\n|-supereffective|p1a: Gengar\n|-supereffective|p1b: Iron Hands\n|-damage|p1a: Gengar|0 fnt\n|-damage|p1b: Iron Hands|49\/100\n|faint|p1a: Gengar\n|move|p2a: birb2|U-turn|p1b: Iron Hands\n|-resisted|p1b: Iron Hands\n|-damage|p1b: Iron Hands|40\/100\n|\n|t:|1682168193\n|switch|p2a: fish|Chi-Yu, L50|100\/100|[from] U-turn\n|-ability|p2a: fish|Beads of Ruin\n|move|p1b: Iron Hands|Drain Punch|p2a: fish\n|-supereffective|p2a: fish\n|-damage|p2a: fish|0 fnt\n|-heal|p1b: Iron Hands|67\/100|[from] drain|[of] p2a: fish\n|faint|p2a: fish\n|\n|upkeep\n|\n|t:|1682168207\n|switch|p2a: birb2|Corviknight, L50, F|100\/100\n|switch|p1a: Gholdengo|Gholdengo, L50|100\/100\n|turn|2\n|\n|t:|1682168229\n|-terastallize|p2a: birb2|Fire\n|move|p1a: Gholdengo|Protect|p1a: Gholdengo\n|-singleturn|p1a: Gholdengo|Protect\n|move|p2b: armadilo|Earthquake|p1a: Gholdengo|[spread] p2a,p1b\n|-activate|p1a: Gholdengo|move: Protect\n|-supereffective|p2a: birb2\n|-supereffective|p1b: Iron Hands\n|-damage|p2a: birb2|27\/100\n|-damage|p1b: Iron Hands|14\/100\n|move|p2a: birb2|Brave Bird|p1a: Gholdengo\n|-activate|p1a: Gholdengo|move: Protect\n|move|p1b: Iron Hands|Drain Punch|p2b: armadilo\n|-damage|p2b: armadilo|55\/100\n|-heal|p1b: Iron Hands|32\/100|[from] drain|[of] p2b: armadilo\n|\n|upkeep\n|turn|3\n|\n|t:|1682168249\n|move|p1b: Iron Hands|Protect|p1b: Iron Hands\n|-singleturn|p1b: Iron Hands|Protect\n|move|p2b: armadilo|Earthquake|p1a: Gholdengo|[spread] p2a,p1a\n|-activate|p1b: Iron Hands|move: Protect\n|-supereffective|p2a: birb2\n|-supereffective|p1a: Gholdengo\n|-damage|p2a: birb2|0 fnt\n|-damage|p1a: Gholdengo|9\/100\n|faint|p2a: birb2\n|move|p1a: Gholdengo|Make It Rain|p2b: armadilo\n|-damage|p2b: armadilo|0 fnt\n|-unboost|p1a: Gholdengo|spa|1\n|faint|p2b: armadilo\n|-end|p2b: armadilo|Protosynthesis|[silent]\n|-damage|p1a: Gholdengo|0 fnt|[from] item: Life Orb\n|faint|p1a: Gholdengo\n|\n|upkeep\n|\n|t:|1682168270\n|switch|p2a: mushroom|Brute Bonnet, L50|100\/100\n|switch|p1a: Pelipper|Pelipper, L50, M, shiny|100\/100\n|-weather|RainDance|[from] ability: Drizzle|[of] p1a: Pelipper\n|turn|4\n|\n|t:|1682168286\n|move|p1a: Pelipper|Tailwind|p1a: Pelipper\n|-sidestart|p1: HDZActs|move: Tailwind\n|move|p1b: Iron Hands|Drain Punch|p2a: mushroom\n|-supereffective|p2a: mushroom\n|-damage|p2a: mushroom|0 fnt\n|-heal|p1b: Iron Hands|71\/100|[from] drain|[of] p2a: mushroom\n|faint|p2a: mushroom\n|-end|p2a: mushroom|Protosynthesis|[silent]\n|\n|win|HDZActs\n|raw|HDZActs's rating: 1044 → 1074<\/strong> (+30 for winning)\n|raw|Etr3me's rating: 1007 → 1000<\/strong> (-7 for losing)\n","uploadtime":1682168298,"views":11,"p1id":"hdzacts","p2id":"etr3me","formatid":"gen9vgc2023regulationc","rating":1000,"private":0,"password":""}