{"id":"gen9vgc2023regulationc-1857115653","p1":"BigBoofles","p2":"hyija0910","format":"[Gen 9] VGC 2023 Regulation C","log":"|j|\u2606BigBoofles\n|j|\u2606hyija0910\n|t:|1683147344\n|gametype|doubles\n|player|p1|BigBoofles|101|1136\n|player|p2|hyija0910|265|1038\n|teamsize|p1|6\n|teamsize|p2|6\n|gen|9\n|tier|[Gen 9] VGC 2023 Regulation C\n|rated|\n|rule|Species Clause: Limit one of each Pok\u00e9mon\n|rule|Item Clause: Limit one of each item\n|clearpoke\n|poke|p1|Clodsire, L50, M|\n|poke|p1|Dondozo, L50, F|\n|poke|p1|Rotom-Heat, L50|\n|poke|p1|Garganacl, L50, F|\n|poke|p1|Scream Tail, L50|\n|poke|p1|Forretress, L50, M|\n|poke|p2|Flutter Mane, L50|\n|poke|p2|Gyarados, L50, F|\n|poke|p2|Amoonguss, L50, M|\n|poke|p2|Palafin, L50, F|\n|poke|p2|Ting-Lu, L50|\n|poke|p2|Tsareena, L50, F|\n|teampreview|4\n|inactive|Battle timer is ON: inactive players will automatically lose when time's up. (requested by hyija0910)\nBigBoofles has agreed to open team sheets.\n|inactive|BigBoofles has 60 seconds left.\n|inactive|hyija0910 has 60 seconds left.\n|\n|t:|1683147388\n|start\n|switch|p1a: kaboom|Forretress, L50, M|100\/100\n|switch|p1b: Boofles|Clodsire, L50, M|100\/100\n|switch|p2a: Carry|Palafin, L50, F|100\/100\n|switch|p2b: Luck = Skill|Ting-Lu, L50|100\/100\n|-ability|p2b: Luck = Skill|Vessel of Ruin\n|turn|1\n|inactive|BigBoofles has 30 seconds left.\n|\n|t:|1683147419\n|detailschange|p2a: Carry|Palafin-Hero, L50, F\n|switch|p2a: Overused|Flutter Mane, L50, shiny|100\/100\n|move|p2b: Luck = Skill|Fissure|p1b: Boofles\n|-damage|p1b: Boofles|0 fnt\n|faint|p1b: Boofles\n|-ohko\n|move|p1a: kaboom|Power Trick|p1a: kaboom\n|-start|p1a: kaboom|Power Trick\n|\n|upkeep\n|\n|t:|1683147432\n|switch|p1b: Tookie|Dondozo, L50, F|100\/100\n|turn|2\n|\n|t:|1683147447\n|move|p2a: Overused|Moonblast|p1a: kaboom\n|-resisted|p1a: kaboom\n|-damage|p1a: kaboom|65\/100\n|-damage|p2a: Overused|91\/100|[from] item: Life Orb\n|move|p2b: Luck = Skill|Fissure|p1b: Tookie\n|-damage|p1b: Tookie|0 fnt\n|faint|p1b: Tookie\n|-ohko\n|move|p1a: kaboom|Explosion|p2a: Overused|[spread] p2b\n|-immune|p2a: Overused\n|-damage|p2b: Luck = Skill|50\/100\n|faint|p1a: kaboom\n|\n|upkeep\n|\n|t:|1683147460\n|switch|p1b: Truth|Rotom-Heat, L50|100\/100\n|turn|3\n|\n|t:|1683147469\n|move|p2a: Overused|Protect|p2a: Overused\n|-singleturn|p2a: Overused|Protect\n|move|p1b: Truth|Overheat|p2b: Luck = Skill\n|-damage|p2b: Luck = Skill|28\/100\n|-unboost|p1b: Truth|spa|2\n|move|p2b: Luck = Skill|Fissure|p1b: Truth\n|-immune|p1b: Truth|[from] ability: Levitate\n|\n|upkeep\n|turn|4\n|-message|BigBoofles forfeited.\n|\n|win|hyija0910\n|raw|BigBoofles's rating: 1136 → 1104<\/strong> (-32 for losing)\n|raw|hyija0910's rating: 1038 → 1082<\/strong> (+44 for winning)\n|l|\u2606BigBoofles\n","uploadtime":1683147498,"views":10,"p1id":"bigboofles","p2id":"hyija0910","formatid":"gen9vgc2023regulationc","rating":1082,"private":0,"password":""}