{"id":"gen9vgc2023regulationc-1864124319","p1":"One Brutal Bear","p2":"Noifromdorohedoro","format":"[Gen 9] VGC 2023 Regulation C","log":"|j|\u2606One Brutal Bear\n|j|\u2606Noifromdorohedoro\n|t:|1684120964\n|gametype|doubles\n|player|p1|One Brutal Bear|worker|1112\n|player|p2|Noifromdorohedoro|lady-gen4|1153\n|teamsize|p1|6\n|teamsize|p2|6\n|gen|9\n|tier|[Gen 9] VGC 2023 Regulation C\n|rated|\n|rule|Species Clause: Limit one of each Pok\u00e9mon\n|rule|Item Clause: Limit one of each item\n|clearpoke\n|poke|p1|Iron Bundle, L50|\n|poke|p1|Abomasnow, L50, F|\n|poke|p1|Kingambit, L50, M|\n|poke|p1|Great Tusk, L50|\n|poke|p1|Murkrow, L50, F|\n|poke|p1|Chi-Yu, L50|\n|poke|p2|Tyranitar, L50, M|\n|poke|p2|Lycanroc, L50, F|\n|poke|p2|Dondozo, L50, M|\n|poke|p2|Tatsugiri, L50, M|\n|poke|p2|Rotom-Heat, L50|\n|poke|p2|Annihilape, L50, M|\n|teampreview|4\n|inactive|Battle timer is ON: inactive players will automatically lose when time's up. (requested by Noifromdorohedoro)\n|\n|t:|1684120984\n|start\n|switch|p1a: Great Tusk|Great Tusk, L50|100\/100\n|switch|p1b: Murkrow|Murkrow, L50, F|100\/100\n|switch|p2a: John Wick|Tyranitar, L50, M, shiny|100\/100\n|switch|p2b: John Wicks Dog|Lycanroc, L50, F, shiny|100\/100\n|-weather|Sandstorm|[from] ability: Sand Stream|[of] p2a: John Wick\n|turn|1\n|\n|t:|1684121006\n|-terastallize|p2a: John Wick|Flying\n|move|p1b: Murkrow|Sunny Day|p1b: Murkrow\n|-weather|SunnyDay\n|-activate|p1a: Great Tusk|ability: Protosynthesis\n|-start|p1a: Great Tusk|protosynthesisatk\n|move|p2b: John Wicks Dog|Rock Slide|p1a: Great Tusk|[spread] p1a,p1b\n|-resisted|p1a: Great Tusk\n|-supereffective|p1b: Murkrow\n|-damage|p1a: Great Tusk|96\/100\n|-damage|p1b: Murkrow|25\/100\n|move|p1a: Great Tusk|Rock Slide|p2a: John Wick|[spread] p2a,p2b\n|-supereffective|p2a: John Wick\n|-damage|p2a: John Wick|63\/100\n|-damage|p2b: John Wicks Dog|56\/100\n|move|p2a: John Wick|Tera Blast|p1a: Great Tusk\n|-supereffective|p1a: Great Tusk\n|-damage|p1a: Great Tusk|25\/100\n|\n|-weather|SunnyDay|[upkeep]\n|upkeep\n|turn|2\n|\n|t:|1684121029\n|move|p1b: Murkrow|Tailwind|p1b: Murkrow\n|-sidestart|p1: One Brutal Bear|move: Tailwind\n|move|p1a: Great Tusk|Headlong Rush|p2b: John Wicks Dog\n|-supereffective|p2b: John Wicks Dog\n|-damage|p2b: John Wicks Dog|0 fnt\n|-unboost|p1a: Great Tusk|def|1\n|-unboost|p1a: Great Tusk|spd|1\n|faint|p2b: John Wicks Dog\n|move|p2a: John Wick|Rock Slide|p1b: Murkrow|[spread] p1a,p1b\n|-resisted|p1a: Great Tusk\n|-supereffective|p1b: Murkrow\n|-damage|p1a: Great Tusk|17\/100\n|-damage|p1b: Murkrow|0 fnt\n|faint|p1b: Murkrow\n|\n|-weather|SunnyDay|[upkeep]\n|upkeep\n|-message|Noifromdorohedoro forfeited.\n|\n|win|One Brutal Bear\n|raw|One Brutal Bear's rating: 1112 → 1140<\/strong> (+28 for winning)\n|raw|Noifromdorohedoro's rating: 1153 → 1125<\/strong> (-28 for losing)\n|l|\u2606Noifromdorohedoro\n","uploadtime":1684121052,"views":8,"p1id":"onebrutalbear","p2id":"noifromdorohedoro","formatid":"gen9vgc2023regulationc","rating":1125,"private":0,"password":""}