{"id":"gen9vgc2023regulationc-1855395713","p1":"Hinokami Ascension","p2":"kkkdddsss","format":"[Gen 9] VGC 2023 Regulation C","log":"|j|\u2606Hinokami Ascension\n|j|\u2606kkkdddsss\n|t:|1682947170\n|gametype|doubles\n|player|p1|Hinokami Ascension|hilbert-wonderlauncher|1204\n|player|p2|kkkdddsss|101|1275\n|teamsize|p1|6\n|teamsize|p2|6\n|gen|9\n|tier|[Gen 9] VGC 2023 Regulation C\n|rated|\n|rule|Species Clause: Limit one of each Pok\u00e9mon\n|rule|Item Clause: Limit one of each item\n|clearpoke\n|poke|p1|Talonflame, L50, M|\n|poke|p1|Iron Bundle, L50|\n|poke|p1|Torkoal, L50, M|\n|poke|p1|Flutter Mane, L50|\n|poke|p1|Great Tusk, L50|\n|poke|p1|Chi-Yu, L50|\n|poke|p2|Torkoal, L50, F|\n|poke|p2|Flutter Mane, L50|\n|poke|p2|Great Tusk, L50|\n|poke|p2|Jumpluff, L50, F|\n|poke|p2|Chien-Pao, L50|\n|poke|p2|Chi-Yu, L50|\n|teampreview|4\n|\n|t:|1682947208\n|start\n|switch|p1a: Matsuemon|Talonflame, L50, M, shiny|100\/100\n|switch|p1b: Rengoku|Chi-Yu, L50|100\/100\n|switch|p2a: Chi-Yu|Chi-Yu, L50|100\/100\n|switch|p2b: Jumpluff|Jumpluff, L50, F|100\/100\n|-ability|p1b: Rengoku|Beads of Ruin\n|-ability|p2a: Chi-Yu|Beads of Ruin\n|turn|1\n|\n|t:|1682947228\n|move|p1a: Matsuemon|Tailwind|p1a: Matsuemon\n|-sidestart|p1: Hinokami Ascension|move: Tailwind\n|move|p1b: Rengoku|Heat Wave|p2a: Chi-Yu|[spread] p2a,p2b\n|-resisted|p2a: Chi-Yu\n|-supereffective|p2b: Jumpluff\n|-damage|p2a: Chi-Yu|73\/100\n|-damage|p2b: Jumpluff|0 fnt\n|faint|p2b: Jumpluff\n|-damage|p1b: Rengoku|90\/100|[from] item: Life Orb\n|move|p2a: Chi-Yu|Nasty Plot|p2a: Chi-Yu\n|-boost|p2a: Chi-Yu|spa|2\n|\n|upkeep\n|\n|t:|1682947239\n|switch|p2b: Great Tusk|Great Tusk, L50|100\/100\n|turn|2\n|\n|t:|1682947252\n|move|p1a: Matsuemon|Sunny Day|p1a: Matsuemon\n|-weather|SunnyDay\n|-activate|p2b: Great Tusk|ability: Protosynthesis\n|-start|p2b: Great Tusk|protosynthesisatk\n|move|p1b: Rengoku|Heat Wave|p2b: Great Tusk|[spread] p2b\n|-miss|p1b: Rengoku|p2a: Chi-Yu\n|-damage|p2b: Great Tusk|0 fnt\n|faint|p2b: Great Tusk\n|-end|p2b: Great Tusk|Protosynthesis|[silent]\n|-damage|p1b: Rengoku|80\/100|[from] item: Life Orb\n|move|p2a: Chi-Yu|Dark Pulse|p1a: Matsuemon\n|-damage|p1a: Matsuemon|0 fnt\n|faint|p1a: Matsuemon\n|\n|-weather|SunnyDay|[upkeep]\n|upkeep\n|\n|t:|1682947264\n|switch|p1a: Daki|Flutter Mane, L50, shiny|100\/100\n|switch|p2b: Torkoal|Torkoal, L50, F|100\/100\n|-activate|p1a: Daki|ability: Protosynthesis\n|-start|p1a: Daki|protosynthesisspa\n|turn|3\n|\n|t:|1682947277\n|-terastallize|p1a: Daki|Fairy\n|move|p2a: Chi-Yu|Protect|p2a: Chi-Yu\n|-singleturn|p2a: Chi-Yu|Protect\n|move|p1a: Daki|Dazzling Gleam|p2a: Chi-Yu|[spread] p2b\n|-activate|p2a: Chi-Yu|move: Protect\n|-resisted|p2b: Torkoal\n|-damage|p2b: Torkoal|23\/100\n|move|p1b: Rengoku|Heat Wave|p2a: Chi-Yu|[spread] \n|-activate|p2a: Chi-Yu|move: Protect\n|-miss|p1b: Rengoku|p2b: Torkoal\n|move|p2b: Torkoal|Overheat|p1a: Daki\n|-damage|p1a: Daki|0 fnt\n|-unboost|p2b: Torkoal|spa|2\n|faint|p1a: Daki\n|-end|p1a: Daki|Protosynthesis|[silent]\n|\n|-weather|SunnyDay|[upkeep]\n|upkeep\n|\n|t:|1682947283\n|switch|p1a: Tomioka|Iron Bundle, L50, shiny|100\/100\n|-enditem|p1a: Tomioka|Booster Energy\n|-activate|p1a: Tomioka|ability: Quark Drive|[fromitem]\n|-start|p1a: Tomioka|quarkdrivespe\n|turn|4\n|\n|t:|1682947303\n|-terastallize|p2a: Chi-Yu|Flying\n|move|p2b: Torkoal|Helping Hand|p2a: Chi-Yu\n|-singleturn|p2a: Chi-Yu|Helping Hand|[of] p2b: Torkoal\n|move|p1a: Tomioka|Hydro Pump|p2a: Chi-Yu|[miss]\n|-miss|p1a: Tomioka|p2a: Chi-Yu\n|move|p1b: Rengoku|Heat Wave|p2a: Chi-Yu|[spread] p2a,p2b\n|-resisted|p2b: Torkoal\n|-damage|p2a: Chi-Yu|0 fnt\n|-damage|p2b: Torkoal|0 fnt\n|faint|p2a: Chi-Yu\n|faint|p2b: Torkoal\n|-damage|p1b: Rengoku|70\/100|[from] item: Life Orb\n|\n|win|Hinokami Ascension\n|raw|Hinokami Ascension's rating: 1204 → 1234<\/strong> (+30 for winning)\n|raw|kkkdddsss's rating: 1275 → 1245<\/strong> (-30 for losing)\n|l|\u2606kkkdddsss\n","uploadtime":1682947345,"views":14,"p1id":"hinokamiascension","p2id":"kkkdddsss","formatid":"gen9vgc2023regulationc","rating":1234,"private":0,"password":""}