{"id":"gen9vgc2023regulationc-1861214967","p1":"RPG_2007","p2":"Jacob Laye","format":"[Gen 9] VGC 2023 Regulation C","log":"|j|\u2606RPG_2007\n|j|\u2606Jacob Laye\n|t:|1683736542\n|gametype|doubles\n|player|p1|RPG_2007|rosa|1040\n|player|p2|Jacob Laye|1|1076\n|teamsize|p1|6\n|teamsize|p2|6\n|gen|9\n|tier|[Gen 9] VGC 2023 Regulation C\n|rated|\n|rule|Species Clause: Limit one of each Pok\u00e9mon\n|rule|Item Clause: Limit one of each item\n|clearpoke\n|poke|p1|Talonflame, L50, M|\n|poke|p1|Chien-Pao, L50|\n|poke|p1|Flareon, L50, F|\n|poke|p1|Coalossal, L50, M|\n|poke|p1|Iron Moth, L50|\n|poke|p1|Maushold, L50|\n|poke|p2|Meowscarada, L50, M|\n|poke|p2|Brambleghast, L50, F|\n|poke|p2|Talonflame, L50, M|\n|poke|p2|Annihilape, L50, M|\n|poke|p2|Abomasnow, L50, F|\n|poke|p2|Iron Bundle, L50|\n|teampreview|4\n|inactive|Battle timer is ON: inactive players will automatically lose when time's up. (requested by RPG_2007)\n|inactive|RPG_2007 has 60 seconds left.\n|inactive|Jacob Laye has 60 seconds left.\n|\n|t:|1683736579\n|start\n|switch|p1a: Flareon|Flareon, L50, F|100\/100\n|switch|p1b: Coalossal|Coalossal, L50, M|100\/100\n|switch|p2a: Abomasnow|Abomasnow, L50, F|100\/100\n|switch|p2b: Iron Bundle|Iron Bundle, L50|100\/100\n|-weather|Snow|[from] ability: Snow Warning|[of] p2a: Abomasnow\n|-enditem|p2b: Iron Bundle|Booster Energy\n|-activate|p2b: Iron Bundle|ability: Quark Drive|[fromitem]\n|-start|p2b: Iron Bundle|quarkdrivespe\n|turn|1\n|\n|t:|1683736590\n|-terastallize|p1b: Coalossal|Grass\n|move|p2b: Iron Bundle|Blizzard|p1b: Coalossal|[spread] p1a,p1b\n|-resisted|p1a: Flareon\n|-supereffective|p1b: Coalossal\n|-damage|p1a: Flareon|82\/100\n|-damage|p1b: Coalossal|10\/100\n|move|p1a: Flareon|Sunny Day|p1a: Flareon\n|-weather|SunnyDay\n|move|p1b: Coalossal|Heat Wave|p2a: Abomasnow|[spread] p2a,p2b\n|-supereffective|p2a: Abomasnow\n|-damage|p2a: Abomasnow|0 fnt\n|-damage|p2b: Iron Bundle|0 fnt\n|faint|p2a: Abomasnow\n|faint|p2b: Iron Bundle\n|-end|p2b: Iron Bundle|Quark Drive|[silent]\n|\n|-weather|SunnyDay|[upkeep]\n|upkeep\n|\n|t:|1683736605\n|switch|p2b: Meowscarada|Meowscarada, L50, M|100\/100\n|switch|p2a: Annihilape|Annihilape, L50, M|100\/100\n|turn|2\n|\n|t:|1683736618\n|-terastallize|p2a: Annihilape|Fire\n|move|p2b: Meowscarada|Knock Off|p1a: Flareon\n|-damage|p1a: Flareon|10\/100\n|-enditem|p1a: Flareon|Sun Stone|[from] move: Knock Off|[of] p2b: Meowscarada\n|move|p1a: Flareon|Charm|p2a: Annihilape\n|-unboost|p2a: Annihilape|atk|2\n|-ability|p2a: Annihilape|Defiant|boost\n|-boost|p2a: Annihilape|atk|2\n|move|p2a: Annihilape|Bulk Up|p2a: Annihilape\n|-boost|p2a: Annihilape|atk|1\n|-boost|p2a: Annihilape|def|1\n|move|p1b: Coalossal|Heat Wave|p2a: Annihilape|[spread] p2b\n|-miss|p1b: Coalossal|p2a: Annihilape\n|-supereffective|p2b: Meowscarada\n|-enditem|p2b: Meowscarada|Focus Sash\n|-damage|p2b: Meowscarada|1\/100\n|\n|-weather|SunnyDay|[upkeep]\n|upkeep\n|turn|3\n|inactive|RPG_2007 has 30 seconds left.\n|\n|t:|1683736647\n|move|p1a: Flareon|Helping Hand|p1b: Coalossal\n|-singleturn|p1b: Coalossal|Helping Hand|[of] p1a: Flareon\n|move|p2b: Meowscarada|Protect|p2b: Meowscarada\n|-singleturn|p2b: Meowscarada|Protect\n|move|p2a: Annihilape|Drain Punch|p1a: Flareon\n|-damage|p1a: Flareon|0 fnt\n|faint|p1a: Flareon\n|move|p1b: Coalossal|Power Gem|p2a: Annihilape\n|-supereffective|p2a: Annihilape\n|-damage|p2a: Annihilape|17\/100\n|\n|-weather|SunnyDay|[upkeep]\n|upkeep\n|\n|t:|1683736660\n|switch|p1a: Talonflame|Talonflame, L50, M|100\/100\n|turn|4\n|\n|t:|1683736669\n|move|p1a: Talonflame|Brave Bird|p2a: Annihilape\n|-damage|p2a: Annihilape|0 fnt\n|faint|p2a: Annihilape\n|-damage|p1a: Talonflame|93\/100|[from] Recoil\n|-damage|p1a: Talonflame|83\/100|[from] item: Life Orb\n|move|p2b: Meowscarada|Knock Off|p1b: Coalossal\n|-damage|p1b: Coalossal|0 fnt\n|-enditem|p1b: Coalossal|Charcoal|[from] move: Knock Off|[of] p2b: Meowscarada\n|faint|p1b: Coalossal\n|\n|-weather|SunnyDay|[upkeep]\n|upkeep\n|-message|Jacob Laye forfeited.\n|\n|win|RPG_2007\n|raw|RPG_2007's rating: 1040 → 1078<\/strong> (+38 for winning)\n|raw|Jacob Laye's rating: 1076 → 1052<\/strong> (-24 for losing)\n|l|\u2606Jacob Laye\n","uploadtime":1683736699,"views":13,"p1id":"rpg2007","p2id":"jacoblaye","formatid":"gen9vgc2023regulationc","rating":1052,"private":0,"password":""}