{"id":"gen9vgc2023regulationc-1857111409","p1":"TrainerDylan24","p2":"T8XICIDAD","format":"[Gen 9] VGC 2023 Regulation C","log":"|j|\u2606TrainerDylan24\n|j|\u2606T8XICIDAD\n|t:|1683146913\n|gametype|doubles\n|player|p1|TrainerDylan24|grimsley|1127\n|player|p2|T8XICIDAD|clair|1107\n|teamsize|p1|6\n|teamsize|p2|6\n|gen|9\n|tier|[Gen 9] VGC 2023 Regulation C\n|rated|\n|rule|Species Clause: Limit one of each Pok\u00e9mon\n|rule|Item Clause: Limit one of each item\n|clearpoke\n|poke|p1|Pincurchin, L50, F|\n|poke|p1|Iron Moth, L50|\n|poke|p1|Rotom-Wash, L50|\n|poke|p1|Baxcalibur, L50, F|\n|poke|p1|Wo-Chien, L50|\n|poke|p1|Iron Treads, L50|\n|poke|p2|Amoonguss, L50, F|\n|poke|p2|Palafin, L50, M|\n|poke|p2|Arcanine, L50, F|\n|poke|p2|Flutter Mane, L50|\n|poke|p2|Ting-Lu, L50|\n|poke|p2|Kingambit, L50, F|\n|teampreview|4\n|l|\u2606T8XICIDAD\n|player|p2|\n|j|\u2606T8XICIDAD\n|player|p2|T8XICIDAD|clair\n|\n|t:|1683146954\n|start\n|switch|p1a: Pincurchin|Pincurchin, L50, F|100\/100\n|switch|p1b: Rotom|Rotom-Wash, L50|100\/100\n|switch|p2a: Ting-Lu|Ting-Lu, L50|100\/100\n|switch|p2b: Kingambit|Kingambit, L50, F|100\/100\n|-ability|p2a: Ting-Lu|Vessel of Ruin\n|-fieldstart|move: Electric Terrain|[from] ability: Electric Surge|[of] p1a: Pincurchin\n|-enditem|p1a: Pincurchin|Electric Seed\n|-boost|p1a: Pincurchin|def|1|[from] item: Electric Seed\n|turn|1\n|\n|t:|1683147009\n|move|p1b: Rotom|Will-O-Wisp|p2b: Kingambit\n|-status|p2b: Kingambit|brn\n|move|p2b: Kingambit|Swords Dance|p2b: Kingambit\n|-boost|p2b: Kingambit|atk|2\n|move|p2a: Ting-Lu|Stomping Tantrum|p1b: Rotom\n|-immune|p1b: Rotom|[from] ability: Levitate\n|move|p1a: Pincurchin|Acupressure|p1b: Rotom\n|-boost|p1b: Rotom|spe|2\n|\n|-damage|p2b: Kingambit|95\/100 brn|[from] brn\n|upkeep\n|turn|2\n|\n|t:|1683147043\n|move|p1b: Rotom|Thunderbolt|p2b: Kingambit\n|-damage|p2b: Kingambit|57\/100 brn\n|-damage|p1b: Rotom|91\/100|[from] item: Life Orb\n|move|p2b: Kingambit|Swords Dance|p2b: Kingambit\n|-boost|p2b: Kingambit|atk|2\n|move|p2a: Ting-Lu|Stomping Tantrum|p1a: Pincurchin\n|-supereffective|p1a: Pincurchin\n|-damage|p1a: Pincurchin|0 fnt\n|faint|p1a: Pincurchin\n|\n|-damage|p2b: Kingambit|51\/100 brn|[from] brn\n|upkeep\n|\n|t:|1683147062\n|switch|p1a: Iron Moth|Iron Moth, L50|100\/100\n|-activate|p1a: Iron Moth|ability: Quark Drive\n|-start|p1a: Iron Moth|quarkdrivespe\n|turn|3\n|\n|t:|1683147078\n|switch|p2a: Amoonguss|Amoonguss, L50, F|100\/100\n|-terastallize|p1a: Iron Moth|Flying\n|move|p2b: Kingambit|Sucker Punch|p1a: Iron Moth\n|-damage|p1a: Iron Moth|0 fnt\n|faint|p1a: Iron Moth\n|-end|p1a: Iron Moth|Quark Drive|[silent]\n|move|p1b: Rotom|Will-O-Wisp|p2a: Amoonguss|[miss]\n|-miss|p1b: Rotom|p2a: Amoonguss\n|\n|-damage|p2b: Kingambit|45\/100 brn|[from] brn\n|upkeep\n|-message|TrainerDylan24 forfeited.\n|\n|win|T8XICIDAD\n|raw|TrainerDylan24's rating: 1127 → 1101<\/strong> (-26 for losing)\n|raw|T8XICIDAD's rating: 1107 → 1133<\/strong> (+26 for winning)\n|l|\u2606TrainerDylan24\n","uploadtime":1683147096,"views":9,"p1id":"trainerdylan24","p2id":"t8xicidad","formatid":"gen9vgc2023regulationc","rating":1101,"private":0,"password":""}