{"id":"gen9vgc2023regulationc-1863180830","p1":"L0LZ4N0m4","p2":"Primellion","format":"[Gen 9] VGC 2023 Regulation C","log":"|j|\u2606L0LZ4N0m4\n|j|\u2606Primellion\n|t:|1683984725\n|gametype|doubles\n|player|p1|L0LZ4N0m4|aromalady|1263\n|player|p2|Primellion|grimsley|1283\n|teamsize|p1|6\n|teamsize|p2|6\n|gen|9\n|tier|[Gen 9] VGC 2023 Regulation C\n|rated|\n|rule|Species Clause: Limit one of each Pok\u00e9mon\n|rule|Item Clause: Limit one of each item\n|clearpoke\n|poke|p1|Tyranitar, L50, F|\n|poke|p1|Palafin, L50, M|\n|poke|p1|Kingambit, L50, F|\n|poke|p1|Flutter Mane, L50|\n|poke|p1|Arcanine, L50, M|\n|poke|p1|Amoonguss, L50, F|\n|poke|p2|Abomasnow, L50, M|\n|poke|p2|Corviknight, L50, M|\n|poke|p2|Flutter Mane, L50|\n|poke|p2|Dragonite, L50, F|\n|poke|p2|Chi-Yu, L50|\n|poke|p2|Iron Bundle, L50|\n|teampreview|4\n|inactive|Battle timer is ON: inactive players will automatically lose when time's up. (requested by L0LZ4N0m4)\n|\n|t:|1683984750\n|start\n|switch|p1a: Palafin|Palafin, L50, M|100\/100\n|switch|p1b: Kingambit|Kingambit, L50, F|100\/100\n|switch|p2a: Chi-Yu|Chi-Yu, L50|100\/100\n|switch|p2b: Flutter Mane|Flutter Mane, L50|100\/100\n|-ability|p2a: Chi-Yu|Beads of Ruin\n|-enditem|p2b: Flutter Mane|Booster Energy\n|-activate|p2b: Flutter Mane|ability: Protosynthesis|[fromitem]\n|-start|p2b: Flutter Mane|protosynthesisspa\n|turn|1\n|inactive|Primellion has 30 seconds left.\n|inactive|Primellion has 20 seconds left.\n|\n|t:|1683984787\n|-terastallize|p2a: Chi-Yu|Water\n|-terastallize|p1b: Kingambit|Dark\n|move|p1a: Palafin|Jet Punch|p2b: Flutter Mane\n|-damage|p2b: Flutter Mane|51\/100\n|move|p1b: Kingambit|Sucker Punch|p2b: Flutter Mane\n|-damage|p2b: Flutter Mane|0 fnt\n|faint|p2b: Flutter Mane\n|-end|p2b: Flutter Mane|Protosynthesis|[silent]\n|move|p2a: Chi-Yu|Nasty Plot|p2a: Chi-Yu\n|-boost|p2a: Chi-Yu|spa|2\n|\n|upkeep\n|\n|t:|1683984801\n|switch|p2b: Abomasnow|Abomasnow, L50, M, shiny|100\/100\n|-weather|Snow|[from] ability: Snow Warning|[of] p2b: Abomasnow\n|turn|2\n|\n|t:|1683984820\n|move|p1b: Kingambit|Protect|p1b: Kingambit\n|-singleturn|p1b: Kingambit|Protect\n|move|p1a: Palafin|Haze|p1a: Palafin\n|-clearallboost\n|move|p2a: Chi-Yu|Heat Wave|p1a: Palafin|[spread] p1a\n|-activate|p1b: Kingambit|move: Protect\n|-resisted|p1a: Palafin\n|-damage|p1a: Palafin|71\/100\n|-status|p1a: Palafin|brn\n|move|p2b: Abomasnow|Energy Ball|p1a: Palafin\n|-supereffective|p1a: Palafin\n|-damage|p1a: Palafin|0 fnt\n|faint|p1a: Palafin\n|\n|-weather|Snow|[upkeep]\n|upkeep\n|\n|t:|1683984830\n|switch|p1a: Arcanine|Arcanine, L50, M|100\/100\n|-ability|p1a: Arcanine|Intimidate|boost\n|-unboost|p2a: Chi-Yu|atk|1\n|-unboost|p2b: Abomasnow|atk|1\n|turn|3\n|\n|t:|1683984850\n|move|p1a: Arcanine|Flare Blitz|p2b: Abomasnow\n|-supereffective|p2b: Abomasnow\n|-enditem|p2b: Abomasnow|Focus Sash\n|-damage|p2b: Abomasnow|1\/100\n|-damage|p1a: Arcanine|68\/100|[from] Recoil\n|move|p2a: Chi-Yu|Nasty Plot|p2a: Chi-Yu\n|-boost|p2a: Chi-Yu|spa|2\n|move|p2b: Abomasnow|Aurora Veil|p2b: Abomasnow\n|-sidestart|p2: Primellion|move: Aurora Veil\n|move|p1b: Kingambit|Swords Dance|p1b: Kingambit\n|-boost|p1b: Kingambit|atk|2\n|\n|-weather|Snow|[upkeep]\n|upkeep\n|turn|4\n|\n|t:|1683984870\n|move|p2b: Abomasnow|Helping Hand|p2a: Chi-Yu\n|-singleturn|p2a: Chi-Yu|Helping Hand|[of] p2b: Abomasnow\n|move|p1a: Arcanine|Extreme Speed|p2b: Abomasnow\n|-damage|p2b: Abomasnow|0 fnt\n|faint|p2b: Abomasnow\n|move|p2a: Chi-Yu|Heat Wave|p1a: Arcanine|[spread] \n|-miss|p2a: Chi-Yu|p1a: Arcanine\n|-miss|p2a: Chi-Yu|p1b: Kingambit\n|move|p1b: Kingambit|Kowtow Cleave|p2a: Chi-Yu\n|-damage|p2a: Chi-Yu|6\/100\n|\n|-weather|Snow|[upkeep]\n|-heal|p2a: Chi-Yu|12\/100|[from] item: Leftovers\n|upkeep\n|-message|Primellion forfeited.\n|\n|win|L0LZ4N0m4\n|raw|L0LZ4N0m4's rating: 1263 → 1289<\/strong> (+26 for winning)\n|raw|Primellion's rating: 1283 → 1257<\/strong> (-26 for losing)\n|l|\u2606Primellion\n","uploadtime":1683984887,"views":12,"p1id":"l0lz4n0m4","p2id":"primellion","formatid":"gen9vgc2023regulationc","rating":1257,"private":0,"password":""}