{"id":"gen9vgc2023regulationc-1848830863","p1":"laag","p2":"TrainerDylan24","format":"[Gen 9] VGC 2023 Regulation C","log":"|j|\u2606laag\n|j|\u2606TrainerDylan24\n|t:|1682115104\n|gametype|doubles\n|player|p1|laag|169|1000\n|player|p2|TrainerDylan24|grimsley|1072\n|teamsize|p1|6\n|teamsize|p2|6\n|gen|9\n|tier|[Gen 9] VGC 2023 Regulation C\n|rated|\n|rule|Species Clause: Limit one of each Pok\u00e9mon\n|rule|Item Clause: Limit one of each item\n|clearpoke\n|poke|p1|Goodra, L50, F|\n|poke|p1|Abomasnow, L50, F|\n|poke|p1|Baxcalibur, L50, F|\n|poke|p1|Dragapult, L50, F|\n|poke|p1|Garchomp, L50, M|\n|poke|p1|Hydreigon, L50, M|\n|poke|p2|Annihilape, L50, M|\n|poke|p2|Bellibolt, L50, M|\n|poke|p2|Kingambit, L50, M|\n|poke|p2|Iron Hands, L50|\n|poke|p2|Dondozo, L50, M|\n|poke|p2|Tatsugiri, L50, M|\n|teampreview|4\n|\n|t:|1682115156\n|start\n|switch|p1a: Dragapult|Dragapult, L50, F|100\/100\n|switch|p1b: Goodra|Goodra, L50, F|100\/100\n|switch|p2a: Kingambit|Kingambit, L50, M|100\/100\n|switch|p2b: Annihilape|Annihilape, L50, M|100\/100\n|turn|1\n|\n|t:|1682115186\n|move|p2a: Kingambit|Sucker Punch|p1a: Dragapult\n|-supereffective|p1a: Dragapult\n|-damage|p1a: Dragapult|0 fnt\n|faint|p1a: Dragapult\n|move|p2b: Annihilape|Bulk Up|p2b: Annihilape\n|-boost|p2b: Annihilape|atk|1\n|-boost|p2b: Annihilape|def|1\n|move|p1b: Goodra|Thunderbolt|p2a: Kingambit\n|-damage|p2a: Kingambit|73\/100\n|-status|p2a: Kingambit|par\n|\n|upkeep\n|\n|t:|1682115200\n|switch|p1a: Baxcalibur|Baxcalibur, L50, F|100\/100\n|turn|2\n|\n|t:|1682115225\n|-terastallize|p1a: Baxcalibur|Poison\n|move|p2b: Annihilape|Drain Punch|p1a: Baxcalibur\n|-resisted|p1a: Baxcalibur\n|-damage|p1a: Baxcalibur|68\/100\n|-damage|p2b: Annihilape|91\/100|[from] item: Life Orb\n|move|p1a: Baxcalibur|Glaive Rush|p2a: Kingambit\n|-resisted|p2a: Kingambit\n|-damage|p2a: Kingambit|43\/100 par\n|-singlemove|p1a: Baxcalibur|Glaive Rush|[silent]\n|move|p1b: Goodra|Muddy Water|p2a: Kingambit|[spread] p2a\n|-miss|p1b: Goodra|p2b: Annihilape\n|-damage|p2a: Kingambit|21\/100 par\n|move|p2a: Kingambit|Iron Head|p1a: Baxcalibur\n|-damage|p1a: Baxcalibur|0 fnt\n|faint|p1a: Baxcalibur\n|\n|upkeep\n|\n|t:|1682115240\n|switch|p1a: Abomasnow|Abomasnow, L50, F|100\/100\n|-weather|Snow|[from] ability: Snow Warning|[of] p1a: Abomasnow\n|turn|3\n|-activate|p2a: Kingambit|item: Quick Claw\n|\n|t:|1682115249\n|move|p2a: Kingambit|Sucker Punch|p1b: Goodra\n|-damage|p1b: Goodra|52\/100\n|-ability|p1b: Goodra|Gooey\n|-unboost|p2a: Kingambit|spe|1\n|-ability|p2a: Kingambit|Defiant|boost\n|-boost|p2a: Kingambit|atk|2\n|move|p2b: Annihilape|Drain Punch|p1a: Abomasnow\n|-supereffective|p1a: Abomasnow\n|-crit|p1a: Abomasnow\n|-enditem|p1a: Abomasnow|Focus Sash\n|-damage|p1a: Abomasnow|1\/100\n|-heal|p2b: Annihilape|100\/100|[from] drain|[of] p1a: Abomasnow\n|-damage|p2b: Annihilape|91\/100|[from] item: Life Orb\n|move|p1b: Goodra|Blizzard|p2b: Annihilape|[spread] p2a,p2b\n|-resisted|p2a: Kingambit\n|-crit|p2a: Kingambit\n|-damage|p2a: Kingambit|3\/100 par\n|-damage|p2b: Annihilape|59\/100\n|move|p1a: Abomasnow|Aurora Veil|p1a: Abomasnow\n|-sidestart|p1: laag|move: Aurora Veil\n|\n|-weather|Snow|[upkeep]\n|upkeep\n|turn|4\n|\n|t:|1682115273\n|move|p2a: Kingambit|Sucker Punch|p1b: Goodra\n|-damage|p1b: Goodra|0 fnt\n|-ability|p1b: Goodra|Gooey\n|-unboost|p2a: Kingambit|spe|1\n|-ability|p2a: Kingambit|Defiant|boost\n|-boost|p2a: Kingambit|atk|2\n|faint|p1b: Goodra\n|move|p2b: Annihilape|Rage Fist|p1a: Abomasnow\n|-damage|p1a: Abomasnow|0 fnt\n|faint|p1a: Abomasnow\n|-damage|p2b: Annihilape|49\/100|[from] item: Life Orb\n|\n|win|TrainerDylan24\n|raw|laag's rating: 1000 → 1000<\/strong> (+0 for losing)\n|raw|TrainerDylan24's rating: 1072 → 1095<\/strong> (+23 for winning)\n|l|\u2606laag\n","uploadtime":1682115287,"views":6,"p1id":"laag","p2id":"trainerdylan24","formatid":"gen9vgc2023regulationc","rating":1000,"private":0,"password":""}