{"id":"gen9vgc2023regulationc-1853108059","p1":"TeirusuVGC","p2":"TaanWallbanks","format":"[Gen 9] VGC 2023 Regulation C","log":"|j|\u2606TeirusuVGC\n|j|\u2606TaanWallbanks\n|t:|1682636110\n|gametype|doubles\n|player|p1|TeirusuVGC|ethan|1174\n|player|p2|TaanWallbanks|pokemaniac|1146\n|teamsize|p1|6\n|teamsize|p2|6\n|gen|9\n|tier|[Gen 9] VGC 2023 Regulation C\n|rated|\n|rule|Species Clause: Limit one of each Pok\u00e9mon\n|rule|Item Clause: Limit one of each item\n|clearpoke\n|poke|p1|Palafin, L50, M|\n|poke|p1|Flutter Mane, L50|\n|poke|p1|Arcanine, L50, M|\n|poke|p1|Amoonguss, L50, F|\n|poke|p1|Ting-Lu, L50|\n|poke|p1|Roaring Moon, L50|\n|poke|p2|Oricorio-Pom-Pom, L50, F|\n|poke|p2|Volcarona, L50, M|\n|poke|p2|Arboliva, L50, F|\n|poke|p2|Espathra, L50, F|\n|poke|p2|Amoonguss, L50, M|\n|poke|p2|Quaquaval, L50, F|\n|teampreview|4\n|\n|t:|1682636171\n|start\n|switch|p1a: Roaring Moon|Roaring Moon, L50|100\/100\n|switch|p1b: Arcanine|Arcanine, L50, M|100\/100\n|switch|p2a: Oricorio|Oricorio-Pom-Pom, L50, F|100\/100\n|switch|p2b: Espathra|Espathra, L50, F|100\/100\n|-ability|p1b: Arcanine|Intimidate|boost\n|-fail|p2a: Oricorio|unboost|[from] item: Clear Amulet|[of] p2a: Oricorio\n|-unboost|p2b: Espathra|atk|1\n|-enditem|p1a: Roaring Moon|Booster Energy\n|-activate|p1a: Roaring Moon|ability: Protosynthesis|[fromitem]\n|-start|p1a: Roaring Moon|protosynthesisatk\n|turn|1\n|\n|t:|1682636224\n|-terastallize|p2b: Espathra|Fairy\n|move|p2a: Oricorio|Protect|p2a: Oricorio\n|-singleturn|p2a: Oricorio|Protect\n|move|p2b: Espathra|Dazzling Gleam|p1b: Arcanine|[spread] p1a,p1b\n|-supereffective|p1a: Roaring Moon\n|-resisted|p1b: Arcanine\n|-damage|p1a: Roaring Moon|5\/100\n|-damage|p1b: Arcanine|91\/100\n|move|p1a: Roaring Moon|Acrobatics|p2a: Oricorio\n|-activate|p2a: Oricorio|move: Protect\n|move|p1b: Arcanine|Flare Blitz|p2a: Oricorio\n|-activate|p2a: Oricorio|move: Protect\n|\n|upkeep\n|turn|2\n|\n|t:|1682636249\n|move|p1a: Roaring Moon|Protect|p1a: Roaring Moon\n|-singleturn|p1a: Roaring Moon|Protect\n|move|p2b: Espathra|Feather Dance|p1b: Arcanine\n|-unboost|p1b: Arcanine|atk|2\n|-activate|p2a: Oricorio|ability: Dancer\n|move|p2a: Oricorio|Feather Dance|p1b: Arcanine|[from]ability: Dancer\n|-unboost|p1b: Arcanine|atk|2\n|move|p2a: Oricorio|Icy Wind|p1a: Roaring Moon|[spread] p1b\n|-activate|p1a: Roaring Moon|move: Protect\n|-resisted|p1b: Arcanine\n|-damage|p1b: Arcanine|87\/100\n|-unboost|p1b: Arcanine|spe|1\n|move|p1b: Arcanine|Flare Blitz|p2a: Oricorio\n|-damage|p2a: Oricorio|76\/100\n|-damage|p1b: Arcanine|81\/100|[from] Recoil\n|\n|upkeep\n|turn|3\n|\n|t:|1682636291\n|-end|p1a: Roaring Moon|Protosynthesis|[silent]\n|switch|p1a: Amoonguss|Amoonguss, L50, F|100\/100\n|switch|p1b: Flutter Mane|Flutter Mane, L50|100\/100\n|move|p2b: Espathra|Lumina Crash|p1b: Flutter Mane\n|-damage|p1b: Flutter Mane|60\/100\n|-unboost|p1b: Flutter Mane|spd|2\n|move|p2a: Oricorio|Icy Wind|p1b: Flutter Mane|[spread] p1a,p1b\n|-supereffective|p1a: Amoonguss\n|-damage|p1a: Amoonguss|85\/100\n|-damage|p1b: Flutter Mane|37\/100\n|-unboost|p1a: Amoonguss|spe|1\n|-unboost|p1b: Flutter Mane|spe|1\n|\n|upkeep\n|turn|4\n|\n|t:|1682636316\n|-terastallize|p1b: Flutter Mane|Fairy\n|move|p2b: Espathra|Lumina Crash|p1a: Amoonguss\n|-supereffective|p1a: Amoonguss\n|-damage|p1a: Amoonguss|35\/100\n|-unboost|p1a: Amoonguss|spd|2\n|-enditem|p1a: Amoonguss|Sitrus Berry|[eat]\n|-heal|p1a: Amoonguss|60\/100|[from] item: Sitrus Berry\n|move|p2a: Oricorio|Revelation Dance|p1b: Flutter Mane\n|-damage|p1b: Flutter Mane|0 fnt\n|faint|p1b: Flutter Mane\n|-end|p1b: Flutter Mane|Protosynthesis|[silent]\n|move|p1a: Amoonguss|Spore|p2b: Espathra\n|-status|p2b: Espathra|slp|[from] move: Spore\n|\n|upkeep\n|-message|TeirusuVGC forfeited.\n|\n|win|TaanWallbanks\n|raw|TeirusuVGC's rating: 1174 → 1147<\/strong> (-27 for losing)\n|raw|TaanWallbanks's rating: 1146 → 1173<\/strong> (+27 for winning)\n|l|\u2606TeirusuVGC\n","uploadtime":1682636333,"views":10,"p1id":"teirusuvgc","p2id":"taanwallbanks","formatid":"gen9vgc2023regulationc","rating":1147,"private":0,"password":""}