{"id":"gen9vgc2023regulationc-1859573472","p1":"tex kat","p2":"redstonejesus","format":"[Gen 9] VGC 2023 Regulation C","log":"|j|\u203dtex kat\n|j|\u2606redstonejesus\n|t:|1683543775\n|gametype|doubles\n|player|p1|tex kat|169|1242\n|player|p2|redstonejesus|265|1127\n|teamsize|p1|6\n|teamsize|p2|6\n|gen|9\n|tier|[Gen 9] VGC 2023 Regulation C\n|rated|\n|rule|Species Clause: Limit one of each Pok\u00e9mon\n|rule|Item Clause: Limit one of each item\n|clearpoke\n|poke|p1|Kingambit, L50, M|\n|poke|p1|Torkoal, L50, M|\n|poke|p1|Flutter Mane, L50|\n|poke|p1|Jumpluff, L50, F|\n|poke|p1|Great Tusk, L50|\n|poke|p1|Chien-Pao, L50|\n|poke|p2|Great Tusk, L50|\n|poke|p2|Talonflame, L50, M|\n|poke|p2|Flutter Mane, L50|\n|poke|p2|Iron Bundle, L50|\n|poke|p2|Tyranitar, L50, M|\n|poke|p2|Gothitelle, L50, F|\n|teampreview|4\n|\n|t:|1683543807\n|start\n|switch|p1a: Great Tusk|Great Tusk, L50|100\/100\n|switch|p1b: Jumpluff|Jumpluff, L50, F|100\/100\n|switch|p2a: Kingdom|Great Tusk, L50|100\/100\n|switch|p2b: Break|Talonflame, L50, M|100\/100\n|turn|1\n|\n|t:|1683543844\n|move|p2b: Break|Tailwind|p2b: Break\n|-sidestart|p2: redstonejesus|move: Tailwind\n|move|p2a: Kingdom|Headlong Rush|p1a: Great Tusk\n|-damage|p1a: Great Tusk|51\/100\n|-unboost|p2a: Kingdom|def|1\n|-unboost|p2a: Kingdom|spd|1\n|move|p1a: Great Tusk|Rock Slide|p2b: Break|[spread] p2b\n|-miss|p1a: Great Tusk|p2a: Kingdom\n|-supereffective|p2b: Break\n|-damage|p2b: Break|0 fnt\n|faint|p2b: Break\n|move|p1b: Jumpluff|Tailwind|p1b: Jumpluff\n|-sidestart|p1: tex kat|move: Tailwind\n|\n|upkeep\n|\n|t:|1683543860\n|switch|p2b: The Devil|Tyranitar, L50, M|100\/100\n|-weather|Sandstorm|[from] ability: Sand Stream|[of] p2b: The Devil\n|turn|2\n|\n|t:|1683543886\n|-end|p1a: Great Tusk|Protosynthesis|[silent]\n|switch|p1a: Chien-Pao|Chien-Pao, L50|100\/100\n|-ability|p1a: Chien-Pao|Sword of Ruin\n|move|p2a: Kingdom|Headlong Rush|p1a: Chien-Pao\n|-damage|p1a: Chien-Pao|10\/100\n|-unboost|p2a: Kingdom|def|1\n|-unboost|p2a: Kingdom|spd|1\n|move|p1b: Jumpluff|Sleep Powder|p2a: Kingdom\n|-status|p2a: Kingdom|slp|[from] move: Sleep Powder\n|move|p2b: The Devil|Rock Slide|p1b: Jumpluff|[spread] p1a,p1b\n|-supereffective|p1a: Chien-Pao\n|-supereffective|p1b: Jumpluff\n|-damage|p1a: Chien-Pao|0 fnt\n|-damage|p1b: Jumpluff|0 fnt\n|faint|p1a: Chien-Pao\n|faint|p1b: Jumpluff\n|\n|-weather|Sandstorm|[upkeep]\n|upkeep\n|\n|t:|1683543905\n|switch|p1a: Great Tusk|Great Tusk, L50|51\/100\n|switch|p1b: Flutter Mane|Flutter Mane, L50|100\/100\n|turn|3\n|\n|t:|1683543935\n|-terastallize|p1b: Flutter Mane|Fairy\n|-terastallize|p2b: The Devil|Flying\n|move|p1a: Great Tusk|Close Combat|p2b: The Devil\n|-resisted|p2b: The Devil\n|-damage|p2b: The Devil|75\/100\n|-unboost|p1a: Great Tusk|def|1\n|-unboost|p1a: Great Tusk|spd|1\n|cant|p2a: Kingdom|slp\n|move|p1b: Flutter Mane|Dazzling Gleam|p2b: The Devil|[spread] p2a,p2b\n|-supereffective|p2a: Kingdom\n|-damage|p2a: Kingdom|0 fnt\n|-damage|p2b: The Devil|42\/100\n|faint|p2a: Kingdom\n|-end|p2a: Kingdom|Protosynthesis|[silent]\n|move|p2b: The Devil|Tera Blast|p1b: Flutter Mane\n|-crit|p1b: Flutter Mane\n|-damage|p1b: Flutter Mane|0 fnt\n|faint|p1b: Flutter Mane\n|-end|p1b: Flutter Mane|Protosynthesis|[silent]\n|\n|-weather|Sandstorm|[upkeep]\n|-damage|p2b: The Devil|36\/100|[from] Sandstorm\n|upkeep\n|\n|t:|1683543952\n|switch|p2a: Kingslayer|Flutter Mane, L50|100\/100\n|turn|4\n|-message|tex kat forfeited.\n|\n|win|redstonejesus\n|raw|tex kat's rating: 1242 → 1209<\/strong> (-33 for losing)\n|raw|redstonejesus's rating: 1127 → 1160<\/strong> (+33 for winning)\n|l|\u203dtex kat\n","uploadtime":1683543964,"views":5,"p1id":"texkat","p2id":"redstonejesus","formatid":"gen9vgc2023regulationc","rating":1160,"private":0,"password":""}