{"id":"gen9vgc2023regulationc-1863118716","p1":"yeyushengfan","p2":"zessozessozesso","format":"[Gen 9] VGC 2023 Regulation C","log":"|j|\u2606yeyushengfan\n|j|\u2606zessozessozesso\n|t:|1683973822\n|gametype|doubles\n|player|p1|yeyushengfan|swimmerf-gen4dp|1434\n|player|p2|zessozessozesso|265|1431\n|teamsize|p1|6\n|teamsize|p2|6\n|gen|9\n|tier|[Gen 9] VGC 2023 Regulation C\n|rated|\n|rule|Species Clause: Limit one of each Pok\u00e9mon\n|rule|Item Clause: Limit one of each item\n|clearpoke\n|poke|p1|Scizor, L50, F|\n|poke|p1|Flutter Mane, L50|\n|poke|p1|Iron Bundle, L50|\n|poke|p1|Chi-Yu, L50|\n|poke|p1|Iron Hands, L50|\n|poke|p1|Abomasnow, L50, M|\n|poke|p2|Murkrow, L50, F|\n|poke|p2|Great Tusk, L50|\n|poke|p2|Iron Bundle, L50|\n|poke|p2|Flutter Mane, L50|\n|poke|p2|Gyarados, L50, F|\n|poke|p2|Scream Tail, L50|\n|teampreview|4\n|inactive|Battle timer is ON: inactive players will automatically lose when time's up. (requested by zessozessozesso)\n|inactive|yeyushengfan also wants the timer to be on.\n|inactive|yeyushengfan has 60 seconds left.\n|\n|t:|1683973875\n|start\n|switch|p1a: Scizor|Scizor, L50, F|100\/100\n|switch|p1b: Flutter Mane|Flutter Mane, L50|100\/100\n|switch|p2a: Murkrow|Murkrow, L50, F|100\/100\n|switch|p2b: Great Tusk|Great Tusk, L50|100\/100\n|turn|1\n|inactive|zessozessozesso has 30 seconds left.\n|inactive|zessozessozesso has 20 seconds left.\n|inactive|zessozessozesso has 15 seconds left.\n|inactive|zessozessozesso has 10 seconds left.\n|\n|t:|1683973923\n|switch|p2a: Iron Bundle|Iron Bundle, L50|100\/100\n|-enditem|p2a: Iron Bundle|Booster Energy\n|-activate|p2a: Iron Bundle|ability: Quark Drive|[fromitem]\n|-start|p2a: Iron Bundle|quarkdrivespe\n|-terastallize|p1b: Flutter Mane|Fairy\n|-terastallize|p2b: Great Tusk|Steel\n|move|p1b: Flutter Mane|Dazzling Gleam|p2b: Great Tusk|[spread] p2a,p2b\n|-resisted|p2b: Great Tusk\n|-damage|p2a: Iron Bundle|12\/100\n|-damage|p2b: Great Tusk|79\/100\n|move|p2b: Great Tusk|Close Combat|p1a: Scizor\n|-damage|p1a: Scizor|36\/100\n|-unboost|p2b: Great Tusk|def|1\n|-unboost|p2b: Great Tusk|spd|1\n|-enditem|p1a: Scizor|Sitrus Berry|[eat]\n|-heal|p1a: Scizor|61\/100|[from] item: Sitrus Berry\n|move|p1a: Scizor|Tailwind|p1a: Scizor\n|-sidestart|p1: yeyushengfan|move: Tailwind\n|\n|upkeep\n|turn|2\n|inactive|zessozessozesso has 30 seconds left.\n|\n|t:|1683973955\n|move|p2a: Iron Bundle|Protect|p2a: Iron Bundle\n|-singleturn|p2a: Iron Bundle|Protect\n|move|p1b: Flutter Mane|Dazzling Gleam|p2a: Iron Bundle|[spread] p2b\n|-activate|p2a: Iron Bundle|move: Protect\n|-resisted|p2b: Great Tusk\n|-damage|p2b: Great Tusk|48\/100\n|move|p1a: Scizor|Close Combat|p2b: Great Tusk\n|-supereffective|p2b: Great Tusk\n|-damage|p2b: Great Tusk|0 fnt\n|-unboost|p1a: Scizor|def|1\n|-unboost|p1a: Scizor|spd|1\n|faint|p2b: Great Tusk\n|-end|p2b: Great Tusk|Protosynthesis|[silent]\n|\n|upkeep\n|\n|t:|1683973968\n|switch|p2b: Murkrow|Murkrow, L50, F|100\/100\n|turn|3\n|\n|t:|1683973980\n|move|p1a: Scizor|Bullet Punch|p2a: Iron Bundle\n|-crit|p2a: Iron Bundle\n|-damage|p2a: Iron Bundle|0 fnt\n|faint|p2a: Iron Bundle\n|-end|p2a: Iron Bundle|Quark Drive|[silent]\n|move|p2b: Murkrow|Tailwind|p2b: Murkrow\n|-sidestart|p2: zessozessozesso|move: Tailwind\n|move|p1b: Flutter Mane|Dazzling Gleam|p2b: Murkrow\n|-supereffective|p2b: Murkrow\n|-damage|p2b: Murkrow|0 fnt\n|faint|p2b: Murkrow\n|\n|upkeep\n|\n|t:|1683973984\n|switch|p2b: Flutter Mane|Flutter Mane, L50|100\/100\n|turn|4\n|\n|t:|1683973994\n|move|p1a: Scizor|Bullet Punch|p2b: Flutter Mane\n|-supereffective|p2b: Flutter Mane\n|-damage|p2b: Flutter Mane|0 fnt\n|faint|p2b: Flutter Mane\n|-end|p2b: Flutter Mane|Protosynthesis|[silent]\n|\n|win|yeyushengfan\n|raw|yeyushengfan's rating: 1434 → 1454<\/strong> (+20 for winning)\n|raw|zessozessozesso's rating: 1431 → 1411<\/strong> (-20 for losing)\n|l|\u2606zessozessozesso\n","uploadtime":1683973999,"views":13,"p1id":"yeyushengfan","p2id":"zessozessozesso","formatid":"gen9vgc2023regulationc","rating":1411,"private":0,"password":""}