{"id":"gen9vgc2023regulationc-1847220696","p1":"hancec","p2":"Pikachu Bagels","format":"[Gen 9] VGC 2023 Regulation C","log":"|j|\u2606hancec\n|j|\u2606Pikachu Bagels\n|t:|1681928914\n|gametype|doubles\n|player|p1|hancec|gentleman-gen4dp|\n|player|p2|Pikachu Bagels|ash|\n|teamsize|p1|6\n|teamsize|p2|6\n|gen|9\n|tier|[Gen 9] VGC 2023 Regulation C\n|rated|Tournament battle\n|rule|Species Clause: Limit one of each Pok\u00e9mon\n|rule|Item Clause: Limit one of each item\n|clearpoke\n|poke|p1|Murkrow, L50, F|\n|poke|p1|Iron Bundle, L50|\n|poke|p1|Chi-Yu, L50|\n|poke|p1|Gholdengo, L50|\n|poke|p1|Great Tusk, L50|\n|poke|p1|Brute Bonnet, L50|\n|poke|p2|Ting-Lu, L50|\n|poke|p2|Flutter Mane, L50|\n|poke|p2|Chien-Pao, L50|\n|poke|p2|Amoonguss, L50, M|\n|poke|p2|Arcanine, L50, M|\n|poke|p2|Palafin, L50, M|\n|teampreview|4\n|raw| Open Team Sheet for hancec<\/summary>Matsuemon (Murkrow) @ Focus Sash Ability: Prankster Level: 50 Shiny: Yes Tera Type: Ghost - Brave Bird - Tailwind - Sunny Day - Haze Giyu (Iron Bundle) @ Booster Energy Ability: Quark Drive Level: 50 Tera Type: Flying - Freeze-Dry - Icy Wind - Hydro Pump - Protect Tanjiro (Chi-Yu) @ Wide Lens Ability: Beads of Ruin Level: 50 Tera Type: Fire - Heat Wave - Overheat - Dark Pulse - Protect Zenitsu (Gholdengo) @ Choice Specs Ability: Good as Gold Level: 50 Tera Type: Steel - Make It Rain - Shadow Ball - Trick - Thunderbolt Inosuke (Great Tusk) @ Clear Amulet Ability: Protosynthesis Level: 50 Hidden Power: Fighting Tera Type: Ground - Headlong Rush - Earthquake - Close Combat - Protect Enmu (Brute Bonnet) @ Loaded Dice Ability: Protosynthesis Level: 50 Tera Type: Poison - Spore - Sucker Punch - Bullet Seed - Rage Powder <\/details><\/div> Open Team Sheet for Pikachu Bagels<\/summary>Ting-Lu @ Assault Vest Ability: Vessel of Ruin Level: 50 Tera Type: Poison - Stomping Tantrum - Throat Chop - Heavy Slam - Ruination SZA (Flutter Mane) @ Booster Energy Ability: Protosynthesis Level: 50 Tera Type: Grass - Moonblast - Shadow Ball - Thunderbolt - Protect Chien-Pao @ Focus Sash Ability: Sword of Ruin Level: 50 Tera Type: Ice - Sacred Sword - Ice Spinner - Sucker Punch - Protect Amoonguss @ Sitrus Berry Ability: Regenerator Level: 50 Tera Type: Water - Pollen Puff - Spore - Rage Powder - Protect Arcanine @ Safety Goggles Ability: Intimidate Level: 50 Tera Type: Water - Flare Blitz - Extreme Speed - Will-O-Wisp - Protect Palafin @ Mystic Water Ability: Zero to Hero Level: 50 Tera Type: Water - Wave Crash - Jet Punch - Haze - Protect <\/details><\/div>\n|inactive|Battle timer is ON: inactive players will automatically lose when time's up. (requested by Pikachu Bagels)\n|inactive|Pikachu Bagels has 60 seconds left.\n|\n|t:|1681928967\n|start\n|switch|p1a: Matsuemon|Murkrow, L50, F, shiny|100\/100\n|switch|p1b: Inosuke|Great Tusk, L50|100\/100\n|switch|p2a: Chien-Pao|Chien-Pao, L50|100\/100\n|switch|p2b: SZA|Flutter Mane, L50|100\/100\n|-ability|p2a: Chien-Pao|Sword of Ruin\n|-enditem|p2b: SZA|Booster Energy\n|-activate|p2b: SZA|ability: Protosynthesis|[fromitem]\n|-start|p2b: SZA|protosynthesisspe\n|turn|1\n|inactive|Pikachu Bagels has 30 seconds left.\n|inactive|Pikachu Bagels has 20 seconds left.\n|inactive|Pikachu Bagels has 15 seconds left.\n|\n|t:|1681929012\n|-terastallize|p1b: Inosuke|Ground\n|move|p1a: Matsuemon|Tailwind|p1a: Matsuemon\n|-sidestart|p1: hancec|move: Tailwind\n|move|p2b: SZA|Moonblast|p1b: Inosuke\n|-damage|p1b: Inosuke|35\/100\n|move|p1b: Inosuke|Earthquake|p2b: SZA|[spread] p2a,p2b\n|-immune|p1a: Matsuemon\n|-damage|p2a: Chien-Pao|26\/100\n|-damage|p2b: SZA|0 fnt\n|faint|p2b: SZA\n|-end|p2b: SZA|Protosynthesis|[silent]\n|move|p2a: Chien-Pao|Ice Spinner|p1a: Matsuemon\n|-supereffective|p1a: Matsuemon\n|-enditem|p1a: Matsuemon|Focus Sash\n|-damage|p1a: Matsuemon|1\/100\n|\n|upkeep\n|\n|t:|1681929028\n|switch|p2b: Ting-Lu|Ting-Lu, L50|100\/100\n|-ability|p2b: Ting-Lu|Vessel of Ruin\n|turn|2\n|\n|t:|1681929039\n|move|p1b: Inosuke|Protect|p1b: Inosuke\n|-singleturn|p1b: Inosuke|Protect\n|move|p2a: Chien-Pao|Protect|p2a: Chien-Pao\n|-singleturn|p2a: Chien-Pao|Protect\n|move|p1a: Matsuemon|Brave Bird|p2a: Chien-Pao\n|-activate|p2a: Chien-Pao|move: Protect\n|move|p2b: Ting-Lu|Throat Chop|p1b: Inosuke\n|-activate|p1b: Inosuke|move: Protect\n|\n|upkeep\n|turn|3\n|\n|t:|1681929055\n|move|p2a: Chien-Pao|Sucker Punch|p1a: Matsuemon\n|-resisted|p1a: Matsuemon\n|-damage|p1a: Matsuemon|0 fnt\n|faint|p1a: Matsuemon\n|move|p1b: Inosuke|Close Combat|p2b: Ting-Lu\n|-supereffective|p2b: Ting-Lu\n|-damage|p2b: Ting-Lu|4\/100\n|-unboost|p1b: Inosuke|def|1\n|-unboost|p1b: Inosuke|spd|1\n|move|p2b: Ting-Lu|Throat Chop|p1b: Inosuke\n|-damage|p1b: Inosuke|0 fnt\n|faint|p1b: Inosuke\n|-end|p1b: Inosuke|Protosynthesis|[silent]\n|\n|upkeep\n|\n|t:|1681929066\n|switch|p1a: Zenitsu|Gholdengo, L50|100\/100\n|switch|p1b: Enmu|Brute Bonnet, L50|100\/100\n|turn|4\n|inactive|Pikachu Bagels has 30 seconds left.\n|\n|t:|1681929094\n|move|p2a: Chien-Pao|Protect|p2a: Chien-Pao\n|-singleturn|p2a: Chien-Pao|Protect\n|move|p1b: Enmu|Rage Powder|p1b: Enmu\n|-singleturn|p1b: Enmu|move: Rage Powder\n|move|p1a: Zenitsu|Shadow Ball|p2b: Ting-Lu\n|-resisted|p2b: Ting-Lu\n|-damage|p2b: Ting-Lu|0 fnt\n|faint|p2b: Ting-Lu\n|\n|-sideend|p1: hancec|move: Tailwind\n|upkeep\n|\n|t:|1681929101\n|switch|p2b: Arcanine|Arcanine, L50, M|100\/100\n|-ability|p2b: Arcanine|Intimidate|boost\n|-unboost|p1a: Zenitsu|atk|1\n|-unboost|p1b: Enmu|atk|1\n|turn|5\n|inactive|Pikachu Bagels has 30 seconds left.\n|\n|t:|1681929128\n|move|p1b: Enmu|Sucker Punch|p2a: Chien-Pao\n|-resisted|p2a: Chien-Pao\n|-damage|p2a: Chien-Pao|8\/100\n|move|p2a: Chien-Pao|Sacred Sword|p1b: Enmu\n|-supereffective|p1b: Enmu\n|-damage|p1b: Enmu|20\/100\n|move|p2b: Arcanine|Flare Blitz|p1a: Zenitsu\n|-supereffective|p1a: Zenitsu\n|-damage|p1a: Zenitsu|0 fnt\n|faint|p1a: Zenitsu\n|-damage|p2b: Arcanine|68\/100|[from] Recoil\n|\n|upkeep\n|turn|6\n|-message|hancec forfeited.\n|\n|win|Pikachu Bagels\n|n|\u2606hancec|hancec\n|n|\u2606Pikachu Bagels|pikachubagels\n","uploadtime":1681929138,"views":16,"p1id":"hancec","p2id":"pikachubagels","formatid":"gen9vgc2023regulationc","rating":0,"private":0,"password":""}