{"id":"gen9vgc2023regulationc-1857052347","p1":"haha you rage quit","p2":"Bandyzzzz","format":"[Gen 9] VGC 2023 Regulation C","log":"|j|\u2606haha you rage quit\n|j|\u2606Bandyzzzz\n|t:|1683141099\n|gametype|doubles\n|player|p1|haha you rage quit|pokemaniac|1248\n|player|p2|Bandyzzzz|clerk|1299\n|teamsize|p1|6\n|teamsize|p2|6\n|gen|9\n|tier|[Gen 9] VGC 2023 Regulation C\n|rated|\n|rule|Species Clause: Limit one of each Pok\u00e9mon\n|rule|Item Clause: Limit one of each item\n|clearpoke\n|poke|p1|Flutter Mane, L50|\n|poke|p1|Chi-Yu, L50|\n|poke|p1|Donphan, L50, M|\n|poke|p1|Gholdengo, L50|\n|poke|p1|Talonflame, L50, M|\n|poke|p1|Murkrow, L50, M|\n|poke|p2|Iron Moth, L50|\n|poke|p2|Palafin, L50, M|\n|poke|p2|Garchomp, L50, M|\n|poke|p2|Brute Bonnet, L50|\n|poke|p2|Grimmsnarl, L50, M|\n|poke|p2|Chien-Pao, L50|\n|teampreview|4\n|inactive|Battle timer is ON: inactive players will automatically lose when time's up. (requested by Bandyzzzz)\n|inactive|haha you rage quit has 60 seconds left.\n|\n|t:|1683141133\n|start\n|switch|p1a: Murkrow|Murkrow, L50, M|100\/100\n|switch|p1b: Gholdengo|Gholdengo, L50|100\/100\n|switch|p2a: Grimmsnarl|Grimmsnarl, L50, M|100\/100\n|switch|p2b: Palafin|Palafin, L50, M|100\/100\n|turn|1\n|inactive|haha you rage quit has 30 seconds left.\n|inactive|Bandyzzzz has 30 seconds left.\n|\n|t:|1683141166\n|detailschange|p2b: Palafin|Palafin-Hero, L50, M\n|switch|p2b: Iron Moth|Iron Moth, L50|100\/100\n|-enditem|p2b: Iron Moth|Booster Energy\n|-activate|p2b: Iron Moth|ability: Quark Drive|[fromitem]\n|-start|p2b: Iron Moth|quarkdrivespa\n|move|p2a: Grimmsnarl|Light Screen|p2a: Grimmsnarl\n|-sidestart|p2: Bandyzzzz|move: Light Screen\n|move|p1a: Murkrow|Foul Play|p1b: Gholdengo\n|-supereffective|p1b: Gholdengo\n|-damage|p1b: Gholdengo|69\/100\n|-enditem|p1b: Gholdengo|Weakness Policy\n|-boost|p1b: Gholdengo|atk|2|[from] item: Weakness Policy\n|-boost|p1b: Gholdengo|spa|2|[from] item: Weakness Policy\n|move|p1b: Gholdengo|Make It Rain|p2a: Grimmsnarl|[spread] p2a,p2b\n|-supereffective|p2a: Grimmsnarl\n|-resisted|p2b: Iron Moth\n|-damage|p2a: Grimmsnarl|0 fnt\n|-damage|p2b: Iron Moth|63\/100\n|-unboost|p1b: Gholdengo|spa|1\n|faint|p2a: Grimmsnarl\n|\n|upkeep\n|\n|t:|1683141188\n|switch|p2a: Chien-Pao|Chien-Pao, L50|100\/100\n|-ability|p2a: Chien-Pao|Sword of Ruin\n|turn|2\n|inactive|haha you rage quit has 30 seconds left.\n|\n|t:|1683141217\n|-terastallize|p2a: Chien-Pao|Ghost\n|-terastallize|p1b: Gholdengo|Flying\n|move|p1a: Murkrow|Tailwind|p1a: Murkrow\n|-sidestart|p1: haha you rage quit|move: Tailwind\n|move|p1b: Gholdengo|Power Gem|p2b: Iron Moth\n|-supereffective|p2b: Iron Moth\n|-damage|p2b: Iron Moth|0 fnt\n|faint|p2b: Iron Moth\n|-end|p2b: Iron Moth|Quark Drive|[silent]\n|move|p2a: Chien-Pao|Ice Spinner|p1a: Murkrow\n|-supereffective|p1a: Murkrow\n|-enditem|p1a: Murkrow|Focus Sash\n|-damage|p1a: Murkrow|1\/100\n|\n|upkeep\n|\n|t:|1683141229\n|switch|p2b: Palafin|Palafin-Hero, L50, M|100\/100\n|-activate|p2b: Palafin|ability: Zero to Hero\n|turn|3\n|\n|t:|1683141248\n|move|p1a: Murkrow|Quash|p2b: Palafin\n|-activate|p2b: Palafin|move: Quash\n|move|p1b: Gholdengo|Make It Rain|p2a: Chien-Pao|[spread] p2a,p2b\n|-resisted|p2b: Palafin\n|-damage|p2a: Chien-Pao|13\/100\n|-damage|p2b: Palafin|70\/100\n|-unboost|p1b: Gholdengo|spa|1\n|move|p2a: Chien-Pao|Ice Spinner|p1b: Gholdengo\n|-supereffective|p1b: Gholdengo\n|-damage|p1b: Gholdengo|0 fnt\n|faint|p1b: Gholdengo\n|move|p2b: Palafin|Jet Punch|p1a: Murkrow\n|-damage|p1a: Murkrow|0 fnt\n|faint|p1a: Murkrow\n|\n|upkeep\n|\n|t:|1683141255\n|switch|p1a: Chi-Yu|Chi-Yu, L50|100\/100\n|switch|p1b: Donphan|Donphan, L50, M|100\/100\n|-ability|p1a: Chi-Yu|Beads of Ruin\n|turn|4\n|\n|t:|1683141276\n|move|p1a: Chi-Yu|Snarl|p2b: Palafin|[spread] p2a,p2b\n|-supereffective|p2a: Chien-Pao\n|-damage|p2a: Chien-Pao|0 fnt\n|-damage|p2b: Palafin|46\/100\n|-unboost|p2b: Palafin|spa|1\n|faint|p2a: Chien-Pao\n|move|p1b: Donphan|High Horsepower|p2b: Palafin\n|-damage|p2b: Palafin|0 fnt\n|faint|p2b: Palafin\n|\n|win|haha you rage quit\n|raw|haha you rage quit's rating: 1248 → 1277<\/strong> (+29 for winning)\n|raw|Bandyzzzz's rating: 1299 → 1270<\/strong> (-29 for losing)\n|l|\u2606Bandyzzzz\n","uploadtime":1683141291,"views":9,"p1id":"hahayouragequit","p2id":"bandyzzzz","formatid":"gen9vgc2023regulationc","rating":1270,"private":0,"password":""}