{"id":"gen9vgc2023regulationc-1864364657","p1":"seismattersCORNER","p2":"littlemasteraik","format":"[Gen 9] VGC 2023 Regulation C","log":"|j|\u2606seismattersCORNER\n|j|\u2606littlemasteraik\n|t:|1684159840\n|gametype|doubles\n|player|p1|seismattersCORNER|emmet|1274\n|player|p2|littlemasteraik|102|1387\n|teamsize|p1|6\n|teamsize|p2|6\n|gen|9\n|tier|[Gen 9] VGC 2023 Regulation C\n|rated|\n|rule|Species Clause: Limit one of each Pok\u00e9mon\n|rule|Item Clause: Limit one of each item\n|clearpoke\n|poke|p1|Amoonguss, L50, M|\n|poke|p1|Gyarados, L50, M|\n|poke|p1|Murkrow, L50, F|\n|poke|p1|Flutter Mane, L50|\n|poke|p1|Gholdengo, L50|\n|poke|p1|Great Tusk, L50|\n|poke|p2|Talonflame, L50, F|\n|poke|p2|Amoonguss, L50, M|\n|poke|p2|Flutter Mane, L50|\n|poke|p2|Chi-Yu, L50|\n|poke|p2|Iron Bundle, L50|\n|poke|p2|Azumarill, L50, F|\n|teampreview|4\nseismattersCORNER has agreed to open team sheets.\n|inactive|Battle timer is ON: inactive players will automatically lose when time's up. (requested by seismattersCORNER)\n|\n|t:|1684159872\n|start\n|switch|p1a: Murkrow|Murkrow, L50, F, shiny|100\/100\n|switch|p1b: Gholdengo|Gholdengo, L50|100\/100\n|switch|p2a: Talonflame|Talonflame, L50, F|100\/100\n|switch|p2b: Flutter Mane|Flutter Mane, L50|100\/100\n|turn|1\n|inactive|littlemasteraik has 30 seconds left.\n|inactive|littlemasteraik has 20 seconds left.\n|inactive|littlemasteraik has 15 seconds left.\n|inactive|littlemasteraik has 10 seconds left.\n|inactive|littlemasteraik has 5 seconds left.\n|\n|t:|1684159925\n|-terastallize|p1b: Gholdengo|Water\n|move|p2a: Talonflame|Tailwind|p2a: Talonflame\n|-sidestart|p2: littlemasteraik|move: Tailwind\n|move|p1a: Murkrow|Tailwind|p1a: Murkrow\n|-sidestart|p1: seismattersCORNER|move: Tailwind\n|move|p2b: Flutter Mane|Shadow Ball|p1b: Gholdengo\n|-damage|p1b: Gholdengo|37\/100\n|move|p1b: Gholdengo|Make It Rain|p2a: Talonflame|[spread] p2a,p2b\n|-resisted|p2a: Talonflame\n|-supereffective|p2b: Flutter Mane\n|-damage|p2a: Talonflame|66\/100\n|-damage|p2b: Flutter Mane|0 fnt\n|-unboost|p1b: Gholdengo|spa|1\n|faint|p2b: Flutter Mane\n|-end|p2b: Flutter Mane|Protosynthesis|[silent]\n|\n|-heal|p1b: Gholdengo|43\/100|[from] item: Leftovers\n|upkeep\n|inactive|littlemasteraik has 30 seconds left.\n|\n|t:|1684159958\n|switch|p2b: Iron Bundle|Iron Bundle, L50|100\/100\n|-enditem|p2b: Iron Bundle|Booster Energy\n|-activate|p2b: Iron Bundle|ability: Quark Drive|[fromitem]\n|-start|p2b: Iron Bundle|quarkdrivespe\n|turn|2\n|\n|t:|1684159967\n|move|p1a: Murkrow|Sunny Day|p1a: Murkrow\n|-weather|SunnyDay\n|move|p2b: Iron Bundle|Freeze-Dry|p1b: Gholdengo\n|-supereffective|p1b: Gholdengo\n|-damage|p1b: Gholdengo|0 fnt\n|faint|p1b: Gholdengo\n|move|p2a: Talonflame|Taunt|p1a: Murkrow\n|-start|p1a: Murkrow|move: Taunt\n|\n|-weather|SunnyDay|[upkeep]\n|upkeep\n|\n|t:|1684159981\n|switch|p1b: Flutter Mane|Flutter Mane, L50, shiny|100\/100\n|-activate|p1b: Flutter Mane|ability: Protosynthesis\n|-start|p1b: Flutter Mane|protosynthesisspa\n|turn|3\n|inactive|littlemasteraik has 30 seconds left.\n|\n|t:|1684160006\n|move|p2b: Iron Bundle|Protect|p2b: Iron Bundle\n|-singleturn|p2b: Iron Bundle|Protect\n|move|p2a: Talonflame|Brave Bird|p1b: Flutter Mane\n|-damage|p1b: Flutter Mane|42\/100\n|-damage|p2a: Talonflame|52\/100|[from] Recoil\n|move|p1b: Flutter Mane|Dazzling Gleam|p2a: Talonflame|[spread] p2a\n|-activate|p2b: Iron Bundle|move: Protect\n|-resisted|p2a: Talonflame\n|-damage|p2a: Talonflame|13\/100\n|move|p1a: Murkrow|Foul Play|p2b: Iron Bundle\n|-activate|p2b: Iron Bundle|move: Protect\n|\n|-weather|SunnyDay|[upkeep]\n|upkeep\n|turn|4\n|inactive|littlemasteraik has 30 seconds left.\n|\n|t:|1684160031\n|switch|p1a: Great Tusk|Great Tusk, L50|100\/100\n|-activate|p1a: Great Tusk|ability: Protosynthesis\n|-start|p1a: Great Tusk|protosynthesisatk\n|move|p2b: Iron Bundle|Freeze-Dry|p1a: Great Tusk\n|-supereffective|p1a: Great Tusk\n|-damage|p1a: Great Tusk|0 fnt\n|faint|p1a: Great Tusk\n|-end|p1a: Great Tusk|Protosynthesis|[silent]\n|move|p2a: Talonflame|Brave Bird|p1b: Flutter Mane\n|-damage|p1b: Flutter Mane|0 fnt\n|faint|p1b: Flutter Mane\n|-end|p1b: Flutter Mane|Protosynthesis|[silent]\n|-damage|p2a: Talonflame|3\/100|[from] Recoil\n|\n|-weather|SunnyDay|[upkeep]\n|-sideend|p1: seismattersCORNER|move: Tailwind\n|-sideend|p2: littlemasteraik|move: Tailwind\n|upkeep\n|-message|seismattersCORNER forfeited.\n|\n|win|littlemasteraik\n|raw|seismattersCORNER's rating: 1274 → 1257<\/strong> (-17 for losing)\n|raw|littlemasteraik's rating: 1387 → 1401<\/strong> (+14 for winning)\n|l|\u2606seismattersCORNER\n","uploadtime":1684160049,"views":9,"p1id":"seismatterscorner","p2id":"littlemasteraik","formatid":"gen9vgc2023regulationc","rating":1257,"private":0,"password":""}