{"id":"gen9vgc2023regulationc-1850879770","p1":"sigureamepa","p2":"leoprosinpro","format":"[Gen 9] VGC 2023 Regulation C","log":"|j|\u2606sigureamepa\n|j|\u2606leoprosinpro\n|t:|1682377606\n|gametype|doubles\n|player|p1|sigureamepa|1|1181\n|player|p2|leoprosinpro|waiter-gen4dp|1247\n|teamsize|p1|6\n|teamsize|p2|6\n|gen|9\n|tier|[Gen 9] VGC 2023 Regulation C\n|rated|\n|rule|Species Clause: Limit one of each Pok\u00e9mon\n|rule|Item Clause: Limit one of each item\n|clearpoke\n|poke|p1|Dragapult, L50, F|\n|poke|p1|Chien-Pao, L50|\n|poke|p1|Kingambit, L50, F|\n|poke|p1|Chi-Yu, L50|\n|poke|p1|Iron Bundle, L50|\n|poke|p1|Amoonguss, L50, M|\n|poke|p2|Indeedee, L50, M|\n|poke|p2|Amoonguss, L50, F|\n|poke|p2|Flutter Mane, L50|\n|poke|p2|Iron Thorns, L50|\n|poke|p2|Golduck, L50, F|\n|poke|p2|Great Tusk, L50|\n|teampreview|4\n|\n|t:|1682377649\n|start\n|switch|p1a: Dragapult|Dragapult, L50, F|100\/100\n|switch|p1b: Chien-Pao|Chien-Pao, L50|100\/100\n|switch|p2a: Golduck|Golduck, L50, F|100\/100\n|switch|p2b: Flutter Mane|Flutter Mane, L50|100\/100\n|-ability|p1b: Chien-Pao|Sword of Ruin\n|-ability|p2a: Golduck|Cloud Nine\n|turn|1\n|\n|t:|1682377662\n|move|p1b: Chien-Pao|Sucker Punch|p2b: Flutter Mane\n|-enditem|p2b: Flutter Mane|Focus Sash\n|-damage|p2b: Flutter Mane|1\/100\n|move|p1a: Dragapult|Dragon Darts|p2a: Golduck\n|-damage|p2a: Golduck|32\/100\n|-anim|p1a: Dragapult|Dragon Darts|p2a: Golduck\n|-damage|p2a: Golduck|0 fnt\n|faint|p2a: Golduck\n|move|p2b: Flutter Mane|Moonblast|p1b: Chien-Pao\n|-supereffective|p1b: Chien-Pao\n|-enditem|p1b: Chien-Pao|Focus Sash\n|-damage|p1b: Chien-Pao|1\/100\n|\n|upkeep\n|\n|t:|1682377672\n|switch|p2a: Iron Thorns|Iron Thorns, L50|100\/100\n|-enditem|p2a: Iron Thorns|Booster Energy\n|-activate|p2a: Iron Thorns|ability: Quark Drive|[fromitem]\n|-start|p2a: Iron Thorns|quarkdriveatk\n|turn|2\n|\n|t:|1682377687\n|-terastallize|p1a: Dragapult|Dragon\n|-terastallize|p2a: Iron Thorns|Rock\n|move|p2b: Flutter Mane|Protect|p2b: Flutter Mane\n|-singleturn|p2b: Flutter Mane|Protect\n|move|p1b: Chien-Pao|Sucker Punch||[still]\n|-fail|p1b: Chien-Pao\n|move|p1a: Dragapult|Dragon Darts|p2a: Iron Thorns\n|-damage|p2a: Iron Thorns|43\/100\n|-anim|p1a: Dragapult|Dragon Darts|p2a: Iron Thorns\n|-damage|p2a: Iron Thorns|0 fnt\n|faint|p2a: Iron Thorns\n|-end|p2a: Iron Thorns|Quark Drive|[silent]\n|\n|upkeep\n|\n|t:|1682377699\n|switch|p2a: Amoonguss|Amoonguss, L50, F|100\/100\n|turn|3\n|\n|t:|1682377707\n|move|p2b: Flutter Mane|Protect||[still]\n|-fail|p2b: Flutter Mane\n|move|p1b: Chien-Pao|Sucker Punch||[still]\n|-fail|p1b: Chien-Pao\n|move|p1a: Dragapult|Dragon Darts|p2a: Amoonguss\n|-damage|p2a: Amoonguss|34\/100\n|-anim|p1a: Dragapult|Dragon Darts|p2a: Amoonguss\n|-damage|p2a: Amoonguss|0 fnt\n|faint|p2a: Amoonguss\n|\n|upkeep\n|turn|4\n|-message|leoprosinpro forfeited.\n|\n|win|sigureamepa\n|raw|sigureamepa's rating: 1181 → 1211<\/strong> (+30 for winning)\n|raw|leoprosinpro's rating: 1247 → 1217<\/strong> (-30 for losing)\n|l|\u2606leoprosinpro\n","uploadtime":1682377859,"views":16,"p1id":"sigureamepa","p2id":"leoprosinpro","formatid":"gen9vgc2023regulationc","rating":1211,"private":0,"password":""}