{"id":"gen9vgc2023regulationc-1854330693","p1":"PicklePlop12","p2":"Jscoot12","format":"[Gen 9] VGC 2023 Regulation C","log":"|j|\u2606PicklePlop12\n|j|\u2606Jscoot12\n|t:|1682797832\n|gametype|doubles\n|player|p1|PicklePlop12|2|1273\n|player|p2|Jscoot12|265|1262\n|teamsize|p1|6\n|teamsize|p2|6\n|gen|9\n|tier|[Gen 9] VGC 2023 Regulation C\n|rated|\n|rule|Species Clause: Limit one of each Pok\u00e9mon\n|rule|Item Clause: Limit one of each item\n|clearpoke\n|poke|p1|Flutter Mane, L50|\n|poke|p1|Great Tusk, L50|\n|poke|p1|Dragonite, L50, M|\n|poke|p1|Kingambit, L50, M|\n|poke|p1|Brute Bonnet, L50|\n|poke|p1|Gyarados, L50, M|\n|poke|p2|Orthworm, L50, F|\n|poke|p2|Dragonite, L50, F|\n|poke|p2|Flutter Mane, L50|\n|poke|p2|Chi-Yu, L50|\n|poke|p2|Gastrodon-East, L50, M|\n|poke|p2|Baxcalibur, L50, M|\n|teampreview|4\n|\n|t:|1682797859\n|start\n|switch|p1a: Not a Horse?|Flutter Mane, L50|100\/100\n|switch|p1b: Tera?|Kingambit, L50, M|100\/100\n|switch|p2a: Flutter Mane|Flutter Mane, L50|100\/100\n|switch|p2b: Chi-Yu|Chi-Yu, L50|100\/100\n|-ability|p2b: Chi-Yu|Beads of Ruin\n|-enditem|p2a: Flutter Mane|Booster Energy\n|-activate|p2a: Flutter Mane|ability: Protosynthesis|[fromitem]\n|-start|p2a: Flutter Mane|protosynthesisspe\n|turn|1\n|\n|t:|1682797898\n|-terastallize|p1b: Tera?|Fire\n|move|p2a: Flutter Mane|Thunderbolt|p1b: Tera?\n|-damage|p1b: Tera?|79\/100\n|move|p1a: Not a Horse?|Moonblast|p2b: Chi-Yu\n|-damage|p2b: Chi-Yu|46\/100\n|-unboost|p2b: Chi-Yu|spa|1\n|move|p2b: Chi-Yu|Dark Pulse|p1a: Not a Horse?\n|-damage|p1a: Not a Horse?|40\/100\n|move|p1b: Tera?|Iron Head|p2a: Flutter Mane\n|-supereffective|p2a: Flutter Mane\n|-damage|p2a: Flutter Mane|0 fnt\n|faint|p2a: Flutter Mane\n|-end|p2a: Flutter Mane|Protosynthesis|[silent]\n|\n|upkeep\n|\n|t:|1682797915\n|switch|p2a: Orthworm|Orthworm, L50, F|100\/100\n|turn|2\n|\n|t:|1682797930\n|switch|p2b: Baxcalibur|Baxcalibur, L50, M|100\/100\n|move|p1a: Not a Horse?|Moonblast|p2b: Baxcalibur\n|-supereffective|p2b: Baxcalibur\n|-damage|p2b: Baxcalibur|8\/100\n|move|p2a: Orthworm|Shed Tail|p2a: Orthworm\n|-start|p2a: Orthworm|Substitute|[from] move: Shed Tail\n|-damage|p2a: Orthworm|50\/100\n|\n|t:|1682797939\n|switch|p2a: Chi-Yu|Chi-Yu, L50|46\/100|[from] Shed Tail\n|-ability|p2a: Chi-Yu|Beads of Ruin\n|move|p1b: Tera?|Tera Blast|p2a: Chi-Yu\n|-resisted|p2a: Chi-Yu\n|-end|p2a: Chi-Yu|Substitute\n|\n|upkeep\n|turn|3\n|\n|t:|1682797960\n|-terastallize|p2a: Chi-Yu|Grass\n|move|p2b: Baxcalibur|Protect|p2b: Baxcalibur\n|-singleturn|p2b: Baxcalibur|Protect\n|move|p1a: Not a Horse?|Dazzling Gleam|p2a: Chi-Yu|[spread] p2a\n|-activate|p2b: Baxcalibur|move: Protect\n|-damage|p2a: Chi-Yu|15\/100\n|move|p2a: Chi-Yu|Heat Wave|p1a: Not a Horse?|[spread] p1a,p1b\n|-resisted|p1b: Tera?\n|-damage|p1a: Not a Horse?|0 fnt\n|-damage|p1b: Tera?|55\/100\n|faint|p1a: Not a Horse?\n|-end|p1a: Not a Horse?|Protosynthesis|[silent]\n|move|p1b: Tera?|Kowtow Cleave|p2a: Chi-Yu\n|-damage|p2a: Chi-Yu|0 fnt\n|faint|p2a: Chi-Yu\n|\n|upkeep\n|\n|t:|1682797978\n|switch|p1a: Don?|Great Tusk, L50|100\/100\n|switch|p2a: Orthworm|Orthworm, L50, F|50\/100\n|turn|4\n|\n|t:|1682797993\n|move|p1b: Tera?|Sucker Punch|p2b: Baxcalibur\n|-damage|p2b: Baxcalibur|0 fnt\n|faint|p2b: Baxcalibur\n|move|p1a: Don?|Close Combat|p2a: Orthworm\n|-supereffective|p2a: Orthworm\n|-damage|p2a: Orthworm|0 fnt\n|-unboost|p1a: Don?|def|1\n|-unboost|p1a: Don?|spd|1\n|faint|p2a: Orthworm\n|\n|win|PicklePlop12\n|raw|PicklePlop12's rating: 1273 → 1297<\/strong> (+24 for winning)\n|raw|Jscoot12's rating: 1262 → 1238<\/strong> (-24 for losing)\n","uploadtime":1682798005,"views":21,"p1id":"pickleplop12","p2id":"jscoot12","formatid":"gen9vgc2023regulationc","rating":1238,"private":0,"password":""}