{"id":"gen9vgc2023regulationc-1856624067","p1":"Vitalis24","p2":"vinceypoo","format":"[Gen 9] VGC 2023 Regulation C","log":"|j|\u2606Vitalis24\n|j|\u2606vinceypoo\n|t:|1683084076\n|gametype|doubles\n|player|p1|Vitalis24|ethan|1292\n|player|p2|vinceypoo|170|1412\n|teamsize|p1|6\n|teamsize|p2|6\n|gen|9\n|tier|[Gen 9] VGC 2023 Regulation C\n|rated|\n|rule|Species Clause: Limit one of each Pok\u00e9mon\n|rule|Item Clause: Limit one of each item\n|clearpoke\n|poke|p1|Indeedee-F, L50, F|\n|poke|p1|Flutter Mane, L50|\n|poke|p1|Murkrow, L50, F|\n|poke|p1|Great Tusk, L50|\n|poke|p1|Iron Bundle, L50|\n|poke|p1|Chi-Yu, L50|\n|poke|p2|Ting-Lu, L50|\n|poke|p2|Vivillon-Fancy, L50, M|\n|poke|p2|Iron Bundle, L50|\n|poke|p2|Abomasnow, L50, F|\n|poke|p2|Annihilape, L50, M|\n|poke|p2|Chien-Pao, L50|\n|teampreview|4\n|\n|t:|1683084147\n|start\n|switch|p1a: Iron Bundle|Iron Bundle, L50|100\/100\n|switch|p1b: Chi-Yu|Chi-Yu, L50|100\/100\n|switch|p2a: Ting-Lu|Ting-Lu, L50|100\/100\n|switch|p2b: Vivillon|Vivillon-Fancy, L50, M|100\/100\n|-ability|p1b: Chi-Yu|Beads of Ruin\n|-ability|p2a: Ting-Lu|Vessel of Ruin\n|-enditem|p1a: Iron Bundle|Booster Energy\n|-activate|p1a: Iron Bundle|ability: Quark Drive|[fromitem]\n|-start|p1a: Iron Bundle|quarkdrivespe\n|turn|1\n|\n|t:|1683084165\n|-terastallize|p1b: Chi-Yu|Grass\n|move|p2b: Vivillon|Protect|p2b: Vivillon\n|-singleturn|p2b: Vivillon|Protect\n|move|p1a: Iron Bundle|Freeze-Dry|p2a: Ting-Lu\n|-supereffective|p2a: Ting-Lu\n|-damage|p2a: Ting-Lu|55\/100\n|move|p1b: Chi-Yu|Will-O-Wisp|p2a: Ting-Lu\n|-status|p2a: Ting-Lu|brn\n|move|p2a: Ting-Lu|Rock Slide|p1b: Chi-Yu|[spread] p1a,p1b\n|-supereffective|p1a: Iron Bundle\n|-crit|p1b: Chi-Yu\n|-damage|p1a: Iron Bundle|65\/100\n|-damage|p1b: Chi-Yu|64\/100\n|\n|-damage|p2a: Ting-Lu|49\/100 brn|[from] brn\n|upkeep\n|turn|2\n|\n|t:|1683084193\n|move|p1a: Iron Bundle|Icy Wind|p2b: Vivillon|[spread] p2a,p2b\n|-supereffective|p2a: Ting-Lu\n|-supereffective|p2b: Vivillon\n|-damage|p2a: Ting-Lu|22\/100 brn\n|-damage|p2b: Vivillon|18\/100\n|-unboost|p2a: Ting-Lu|spe|1\n|-unboost|p2b: Vivillon|spe|1\n|move|p1b: Chi-Yu|Flamethrower|p2b: Vivillon\n|-supereffective|p2b: Vivillon\n|-damage|p2b: Vivillon|0 fnt\n|faint|p2b: Vivillon\n|move|p2a: Ting-Lu|Rock Slide|p1a: Iron Bundle|[spread] p1a,p1b\n|-supereffective|p1a: Iron Bundle\n|-damage|p1a: Iron Bundle|28\/100\n|-damage|p1b: Chi-Yu|40\/100\n|\n|-damage|p2a: Ting-Lu|16\/100 brn|[from] brn\n|upkeep\n|\n|t:|1683084202\n|switch|p2b: Abomasnow|Abomasnow, L50, F|100\/100\n|-weather|Snow|[from] ability: Snow Warning|[of] p2b: Abomasnow\n|turn|3\n|\n|t:|1683084217\n|-terastallize|p2b: Abomasnow|Water\n|move|p1a: Iron Bundle|Icy Wind|p2b: Abomasnow|[spread] p2a,p2b\n|-supereffective|p2a: Ting-Lu\n|-resisted|p2b: Abomasnow\n|-damage|p2a: Ting-Lu|0 fnt\n|-damage|p2b: Abomasnow|90\/100\n|-unboost|p2b: Abomasnow|spe|1\n|faint|p2a: Ting-Lu\n|move|p1b: Chi-Yu|Dark Pulse|p2b: Abomasnow\n|-damage|p2b: Abomasnow|32\/100\n|move|p2b: Abomasnow|Blizzard|p1a: Iron Bundle|[spread] p1a,p1b\n|-resisted|p1a: Iron Bundle\n|-supereffective|p1b: Chi-Yu\n|-crit|p1b: Chi-Yu\n|-damage|p1a: Iron Bundle|0 fnt\n|-damage|p1b: Chi-Yu|0 fnt\n|faint|p1a: Iron Bundle\n|-end|p1a: Iron Bundle|Quark Drive|[silent]\n|faint|p1b: Chi-Yu\n|-damage|p2b: Abomasnow|22\/100|[from] item: Life Orb\n|\n|-weather|Snow|[upkeep]\n|upkeep\n|\n|t:|1683084237\n|switch|p1a: Flutter Mane|Flutter Mane, L50|100\/100\n|switch|p1b: Indeedee|Indeedee-F, L50, F|100\/100\n|switch|p2a: Chien-Pao|Chien-Pao, L50|100\/100\n|-ability|p2a: Chien-Pao|Sword of Ruin\n|-fieldstart|move: Psychic Terrain|[from] ability: Psychic Surge|[of] p1b: Indeedee\n|-enditem|p1b: Indeedee|Psychic Seed\n|-boost|p1b: Indeedee|spd|1|[from] item: Psychic Seed\n|turn|4\n|\n|t:|1683084249\n|move|p1a: Flutter Mane|Dazzling Gleam|p2b: Abomasnow|[spread] p2a,p2b\n|-supereffective|p2a: Chien-Pao\n|-damage|p2a: Chien-Pao|0 fnt\n|-damage|p2b: Abomasnow|0 fnt\n|faint|p2a: Chien-Pao\n|faint|p2b: Abomasnow\n|\n|win|Vitalis24\n|raw|Vitalis24's rating: 1292 → 1325<\/strong> (+33 for winning)\n|raw|vinceypoo's rating: 1412 → 1385<\/strong> (-27 for losing)\n|l|\u2606vinceypoo\n","uploadtime":1683084256,"views":7,"p1id":"vitalis24","p2id":"vinceypoo","formatid":"gen9vgc2023regulationc","rating":1325,"private":0,"password":""}