{"id":"gen9vgc2023regulationc-1857055126","p1":"haha you rage quit","p2":"themanparris","format":"[Gen 9] VGC 2023 Regulation C","log":"|j|\u2606haha you rage quit\n|j|\u2606themanparris\n|t:|1683141392\n|gametype|doubles\n|player|p1|haha you rage quit|pokemaniac|1277\n|player|p2|themanparris|2|1311\n|teamsize|p1|6\n|teamsize|p2|6\n|gen|9\n|tier|[Gen 9] VGC 2023 Regulation C\n|rated|\n|rule|Species Clause: Limit one of each Pok\u00e9mon\n|rule|Item Clause: Limit one of each item\n|clearpoke\n|poke|p1|Flutter Mane, L50|\n|poke|p1|Chi-Yu, L50|\n|poke|p1|Donphan, L50, M|\n|poke|p1|Gholdengo, L50|\n|poke|p1|Talonflame, L50, M|\n|poke|p1|Murkrow, L50, M|\n|poke|p2|Palafin, L50, M|\n|poke|p2|Chien-Pao, L50|\n|poke|p2|Dragapult, L50, F|\n|poke|p2|Amoonguss, L50, M|\n|poke|p2|Arcanine, L50, F|\n|poke|p2|Flutter Mane, L50|\n|teampreview|4\n|inactive|Battle timer is ON: inactive players will automatically lose when time's up. (requested by themanparris)\n|inactive|themanparris has 60 seconds left.\n|\n|t:|1683141429\n|start\n|switch|p1a: Murkrow|Murkrow, L50, M|100\/100\n|switch|p1b: Donphan|Donphan, L50, M|100\/100\n|switch|p2a: Chien-Pao|Chien-Pao, L50|100\/100\n|switch|p2b: Arcanine|Arcanine, L50, F|100\/100\n|-ability|p2a: Chien-Pao|Sword of Ruin\n|-ability|p2b: Arcanine|Intimidate|boost\n|-unboost|p1a: Murkrow|atk|1\n|-unboost|p1b: Donphan|atk|1\n|turn|1\n|inactive|themanparris has 30 seconds left.\n|\n|t:|1683141459\n|switch|p2b: Deontay Wilder|Palafin, L50, M|100\/100\n|-terastallize|p1b: Donphan|Water\n|move|p1a: Murkrow|Tailwind|p1a: Murkrow\n|-sidestart|p1: haha you rage quit|move: Tailwind\n|move|p1b: Donphan|Earthquake|p2a: Chien-Pao|[spread] p2a,p2b\n|-immune|p1a: Murkrow\n|-damage|p2a: Chien-Pao|52\/100\n|-damage|p2b: Deontay Wilder|46\/100\n|move|p2a: Chien-Pao|Ice Spinner|p1b: Donphan\n|-resisted|p1b: Donphan\n|-damage|p1b: Donphan|76\/100\n|\n|upkeep\n|turn|2\n|\n|t:|1683141478\n|detailschange|p2b: Deontay Wilder|Palafin-Hero, L50, M\n|switch|p2b: Flutter Mane|Flutter Mane, L50|100\/100\n|-enditem|p2b: Flutter Mane|Booster Energy\n|-activate|p2b: Flutter Mane|ability: Protosynthesis|[fromitem]\n|-start|p2b: Flutter Mane|protosynthesisspa\n|move|p2a: Chien-Pao|Protect|p2a: Chien-Pao\n|-singleturn|p2a: Chien-Pao|Protect\n|move|p1a: Murkrow|Haze|p1a: Murkrow\n|-clearallboost\n|move|p1b: Donphan|Earthquake|p2a: Chien-Pao|[spread] p2b\n|-activate|p2a: Chien-Pao|move: Protect\n|-immune|p1a: Murkrow\n|-damage|p2b: Flutter Mane|0 fnt\n|faint|p2b: Flutter Mane\n|-end|p2b: Flutter Mane|Protosynthesis|[silent]\n|\n|upkeep\n|\n|t:|1683141494\n|switch|p2b: Deontay Wilder|Palafin-Hero, L50, M|46\/100\n|-activate|p2b: Deontay Wilder|ability: Zero to Hero\n|turn|3\n|\n|t:|1683141508\n|move|p1a: Murkrow|Quash|p2b: Deontay Wilder\n|-activate|p2b: Deontay Wilder|move: Quash\n|move|p1b: Donphan|Earthquake|p2b: Deontay Wilder|[spread] p2a,p2b\n|-immune|p1a: Murkrow\n|-damage|p2a: Chien-Pao|0 fnt\n|-damage|p2b: Deontay Wilder|0 fnt\n|faint|p2a: Chien-Pao\n|faint|p2b: Deontay Wilder\n|\n|upkeep\n|\n|t:|1683141520\n|switch|p2b: Arcanine|Arcanine, L50, F|100\/100\n|-ability|p2b: Arcanine|Intimidate|boost\n|-unboost|p1a: Murkrow|atk|1\n|-unboost|p1b: Donphan|atk|1\n|turn|4\n|\n|t:|1683141525\n|move|p1a: Murkrow|Haze|p1a: Murkrow\n|-clearallboost\n|move|p1b: Donphan|Earthquake|p2b: Arcanine|[spread] p2b\n|-immune|p1a: Murkrow\n|-supereffective|p2b: Arcanine\n|-damage|p2b: Arcanine|0 fnt\n|faint|p2b: Arcanine\n|\n|win|haha you rage quit\n|raw|haha you rage quit's rating: 1277 → 1304<\/strong> (+27 for winning)\n|raw|themanparris's rating: 1311 → 1289<\/strong> (-22 for losing)\n|l|\u2606themanparris\n","uploadtime":1683141549,"views":8,"p1id":"hahayouragequit","p2id":"themanparris","formatid":"gen9vgc2023regulationc","rating":1289,"private":0,"password":""}