{"id":"gen9vgc2023regulationc-1855694119","p1":"Thossq","p2":"Cynthia Blueheart","format":"[Gen 9] VGC 2023 Regulation C","log":"|j|\u2606Thossq\n|j|\u2606Cynthia Blueheart\n|t:|1682973943\n|gametype|doubles\n|player|p1|Thossq|sabrina|1144\n|player|p2|Cynthia Blueheart|clair|1192\n|teamsize|p1|6\n|teamsize|p2|6\n|gen|9\n|tier|[Gen 9] VGC 2023 Regulation C\n|rated|\n|rule|Species Clause: Limit one of each Pok\u00e9mon\n|rule|Item Clause: Limit one of each item\n|clearpoke\n|poke|p1|Cetitan, L50, M|\n|poke|p1|Kingambit, L50, F|\n|poke|p1|Indeedee-F, L50, F|\n|poke|p1|Abomasnow, L50, M|\n|poke|p1|Armarouge, L50, M|\n|poke|p1|Glimmora, L50, M|\n|poke|p2|Amoonguss, L50, M|\n|poke|p2|Baxcalibur, L50, M|\n|poke|p2|Chien-Pao, L50|\n|poke|p2|Flutter Mane, L50|\n|poke|p2|Chi-Yu, L50|\n|poke|p2|Houndoom, L50, M|\n|teampreview|4\n|inactive|Battle timer is ON: inactive players will automatically lose when time's up. (requested by Cynthia Blueheart)\n|inactive|Thossq has 60 seconds left.\nCynthia Blueheart rejected open team sheets.\n|\n|t:|1682974003\n|start\n|switch|p1a: Obamasnow|Abomasnow, L50, M|100\/100\n|switch|p1b: Outdodo|Indeedee-F, L50, F|100\/100\n|switch|p2a: Chi-Yu|Chi-Yu, L50|100\/100\n|switch|p2b: Houndoom|Houndoom, L50, M|100\/100\n|-ability|p2a: Chi-Yu|Beads of Ruin\n|-fieldstart|move: Psychic Terrain|[from] ability: Psychic Surge|[of] p1b: Outdodo\n|-weather|Snow|[from] ability: Snow Warning|[of] p1a: Obamasnow\n|turn|1\n|\n|t:|1682974021\n|move|p2a: Chi-Yu|Lava Plume|p1b: Outdodo|[spread] p1a,p1b\n|-start|p2b: Houndoom|ability: Flash Fire\n|-supereffective|p1a: Obamasnow\n|-damage|p1a: Obamasnow|0 fnt\n|-damage|p1b: Outdodo|69\/100\n|-status|p1b: Outdodo|brn\n|faint|p1a: Obamasnow\n|move|p2b: Houndoom|Dark Pulse|p1b: Outdodo\n|-supereffective|p1b: Outdodo\n|-damage|p1b: Outdodo|0 fnt\n|faint|p1b: Outdodo\n|\n|-weather|Snow|[upkeep]\n|upkeep\n|\n|t:|1682974037\n|switch|p1b: Ilovechess|Kingambit, L50, F|100\/100\n|switch|p1a: WHO DAT BOY|Cetitan, L50, M|100\/100\n|turn|2\n|inactive|Thossq has 30 seconds left.\n|\n|t:|1682974062\n|move|p1b: Ilovechess|Protect|p1b: Ilovechess\n|-singleturn|p1b: Ilovechess|Protect\n|move|p2a: Chi-Yu|Lava Plume|p1a: WHO DAT BOY|[spread] p1a\n|-activate|p1b: Ilovechess|move: Protect\n|-immune|p2b: Houndoom|[from] ability: Flash Fire\n|-supereffective|p1a: WHO DAT BOY\n|-crit|p1a: WHO DAT BOY\n|-damage|p1a: WHO DAT BOY|25\/100\n|-status|p1a: WHO DAT BOY|brn\n|-enditem|p1a: WHO DAT BOY|Sitrus Berry|[eat]\n|-heal|p1a: WHO DAT BOY|50\/100 brn|[from] item: Sitrus Berry\n|move|p2b: Houndoom|Heat Wave|p1a: WHO DAT BOY|[spread] p1a\n|-activate|p1b: Ilovechess|move: Protect\n|-supereffective|p1a: WHO DAT BOY\n|-damage|p1a: WHO DAT BOY|0 fnt\n|faint|p1a: WHO DAT BOY\n|\n|-weather|Snow|[upkeep]\n|upkeep\n|turn|3\n|-message|Thossq forfeited.\n|\n|win|Cynthia Blueheart\n|raw|Thossq's rating: 1144 → 1122<\/strong> (-22 for losing)\n|raw|Cynthia Blueheart's rating: 1192 → 1214<\/strong> (+22 for winning)\n|l|\u2606Thossq\n","uploadtime":1682974085,"views":15,"p1id":"thossq","p2id":"cynthiablueheart","formatid":"gen9vgc2023regulationc","rating":1122,"private":0,"password":""}