{"id":"gen9vgc2023regulationc-1856919792","p1":"Joull","p2":"osky5557600","format":"[Gen 9] VGC 2023 Regulation C","log":"|j|\u2606Joull\n|j|\u2606osky5557600\n|t:|1683125810\n|gametype|doubles\n|player|p1|Joull|lance-gen3|1048\n|player|p2|osky5557600|266|1109\n|teamsize|p1|6\n|teamsize|p2|6\n|gen|9\n|tier|[Gen 9] VGC 2023 Regulation C\n|rated|\n|rule|Species Clause: Limit one of each Pok\u00e9mon\n|rule|Item Clause: Limit one of each item\n|clearpoke\n|poke|p1|Lycanroc, L50, F|\n|poke|p1|Tyranitar, L50, F|\n|poke|p1|Gastrodon-East, L50, F|\n|poke|p1|Annihilape, L50, M|\n|poke|p1|Brambleghast, L50, M|\n|poke|p1|Corviknight, L50, M|\n|poke|p2|Gastrodon, L50, F|\n|poke|p2|Rotom-Heat, L50|\n|poke|p2|Dragonite, L50, M|\n|poke|p2|Murkrow, L50, M|\n|poke|p2|Abomasnow, L50, M|\n|poke|p2|Iron Bundle, L50|\n|teampreview|4\n|inactive|Battle timer is ON: inactive players will automatically lose when time's up. (requested by osky5557600)\n|\n|t:|1683125875\n|start\n|switch|p1a: Leto|Tyranitar, L50, F, shiny|100\/100\n|switch|p1b: Paul|Lycanroc, L50, F, shiny|100\/100\n|switch|p2a: Gastrodon|Gastrodon, L50, F|100\/100\n|switch|p2b: Iron Bundle|Iron Bundle, L50|100\/100\n|-weather|Sandstorm|[from] ability: Sand Stream|[of] p1a: Leto\n|-enditem|p2b: Iron Bundle|Booster Energy\n|-activate|p2b: Iron Bundle|ability: Quark Drive|[fromitem]\n|-start|p2b: Iron Bundle|quarkdrivespe\n|turn|1\n|\n|t:|1683125894\n|move|p2b: Iron Bundle|Protect|p2b: Iron Bundle\n|-singleturn|p2b: Iron Bundle|Protect\n|move|p1b: Paul|Rock Slide|p2b: Iron Bundle|[spread] p2a\n|-activate|p2b: Iron Bundle|move: Protect\n|-resisted|p2a: Gastrodon\n|-damage|p2a: Gastrodon|77\/100\n|move|p1a: Leto|Dragon Dance|p1a: Leto\n|-boost|p1a: Leto|atk|1\n|-boost|p1a: Leto|spe|1\n|move|p2a: Gastrodon|Earth Power|p1a: Leto\n|-supereffective|p1a: Leto\n|-damage|p1a: Leto|71\/100\n|\n|-weather|Sandstorm|[upkeep]\n|-damage|p2b: Iron Bundle|94\/100|[from] Sandstorm\n|-heal|p2a: Gastrodon|84\/100|[from] item: Leftovers\n|upkeep\n|turn|2\n|\n|t:|1683125918\n|switch|p2a: Abomasnow|Abomasnow, L50, M|100\/100\n|-weather|Snow|[from] ability: Snow Warning|[of] p2a: Abomasnow\n|-terastallize|p2b: Iron Bundle|Ghost\n|move|p2b: Iron Bundle|Aurora Veil|p2b: Iron Bundle\n|-sidestart|p2: osky5557600|move: Aurora Veil\n|move|p1b: Paul|Rock Slide|p2a: Abomasnow|[spread] p2a,p2b\n|-supereffective|p2a: Abomasnow\n|-crit|p2a: Abomasnow\n|-damage|p2a: Abomasnow|3\/100\n|-damage|p2b: Iron Bundle|59\/100\n|move|p1a: Leto|Rock Slide|p2b: Iron Bundle|[spread] p2a,p2b\n|-supereffective|p2a: Abomasnow\n|-damage|p2a: Abomasnow|0 fnt\n|-damage|p2b: Iron Bundle|30\/100\n|faint|p2a: Abomasnow\n|\n|-weather|Snow|[upkeep]\n|upkeep\n|\n|t:|1683125934\n|switch|p2a: Gastrodon|Gastrodon, L50, F|84\/100\n|turn|3\n|\n|t:|1683125943\n|move|p2b: Iron Bundle|Hydro Pump|p2a: Gastrodon\n|-activate|p2a: Gastrodon|ability: Storm Drain\n|-ability|p2a: Gastrodon|Storm Drain|boost\n|-boost|p2a: Gastrodon|spa|1\n|move|p1b: Paul|Rock Slide|p2a: Gastrodon|[spread] p2a,p2b\n|-resisted|p2a: Gastrodon\n|-damage|p2a: Gastrodon|70\/100\n|-damage|p2b: Iron Bundle|0 fnt\n|faint|p2b: Iron Bundle\n|-end|p2b: Iron Bundle|Quark Drive|[silent]\n|move|p1a: Leto|Rock Slide|p2a: Gastrodon\n|-resisted|p2a: Gastrodon\n|-damage|p2a: Gastrodon|54\/100\n|cant|p2a: Gastrodon|flinch\n|\n|-weather|Snow|[upkeep]\n|-heal|p2a: Gastrodon|60\/100|[from] item: Leftovers\n|upkeep\n|-message|osky5557600 forfeited.\n|\n|win|Joull\n|raw|Joull's rating: 1048 → 1087<\/strong> (+39 for winning)\n|raw|osky5557600's rating: 1109 → 1080<\/strong> (-29 for losing)\n|l|\u2606osky5557600\n","uploadtime":1683125968,"views":5,"p1id":"joull","p2id":"osky5557600","formatid":"gen9vgc2023regulationc","rating":1080,"private":0,"password":""}