{"id":"gen9vgc2023regulationc-1846330705","p1":"NotNehzzy","p2":"shucklesrevenge95","format":"[Gen 9] VGC 2023 Regulation C","log":"|j|\u2606NotNehzzy\n|j|\u2606shucklesrevenge95\n|t:|1681832222\n|gametype|doubles\n|player|p1|NotNehzzy|steven|1113\n|player|p2|shucklesrevenge95|barry|1200\n|teamsize|p1|6\n|teamsize|p2|6\n|gen|9\n|tier|[Gen 9] VGC 2023 Regulation C\n|rated|\n|rule|Species Clause: Limit one of each Pok\u00e9mon\n|rule|Item Clause: Limit one of each item\n|clearpoke\n|poke|p1|Flutter Mane, L50|\n|poke|p1|Iron Bundle, L50|\n|poke|p1|Farigiraf, L50, M|\n|poke|p1|Torkoal, L50, M|\n|poke|p1|Iron Hands, L50|\n|poke|p1|Arboliva, L50, M|\n|poke|p2|Hawlucha, L50, F|\n|poke|p2|Flutter Mane, L50|\n|poke|p2|Chi-Yu, L50|\n|poke|p2|Grimmsnarl, L50, M|\n|poke|p2|Amoonguss, L50, F|\n|poke|p2|Palafin, L50, M|\n|teampreview|4\n|\n|t:|1681832273\n|start\n|switch|p1a: Torkoal|Torkoal, L50, M|100\/100\n|switch|p1b: Flutter Mane|Flutter Mane, L50|100\/100\n|switch|p2a: Hawlucha|Hawlucha, L50, F|100\/100\n|switch|p2b: Grimmsnarl|Grimmsnarl, L50, M|100\/100\n|-weather|SunnyDay|[from] ability: Drought|[of] p1a: Torkoal\n|-activate|p1b: Flutter Mane|ability: Protosynthesis\n|-start|p1b: Flutter Mane|protosynthesisspe\n|turn|1\n|\n|t:|1681832304\n|-terastallize|p1a: Torkoal|Fire\n|move|p1b: Flutter Mane|Protect|p1b: Flutter Mane\n|-singleturn|p1b: Flutter Mane|Protect\n|move|p2b: Grimmsnarl|Swagger|p2a: Hawlucha\n|-boost|p2a: Hawlucha|atk|2\n|-start|p2a: Hawlucha|confusion\n|-enditem|p2a: Hawlucha|Lum Berry|[eat]\n|-end|p2a: Hawlucha|confusion\n|move|p2a: Hawlucha|Acrobatics|p1a: Torkoal\n|-crit|p1a: Torkoal\n|-damage|p1a: Torkoal|0 fnt\n|faint|p1a: Torkoal\n|\n|-weather|SunnyDay|[upkeep]\n|upkeep\n|c|\u2606shucklesrevenge95|well\n|\n|t:|1681832325\n|switch|p1a: Arboliva|Arboliva, L50, M|100\/100\n|turn|2\n|\n|t:|1681832343\n|move|p2b: Grimmsnarl|Light Screen|p2b: Grimmsnarl\n|-sidestart|p2: shucklesrevenge95|move: Light Screen\n|move|p2a: Hawlucha|Acrobatics|p1b: Flutter Mane\n|-damage|p1b: Flutter Mane|0 fnt\n|faint|p1b: Flutter Mane\n|-end|p1b: Flutter Mane|Protosynthesis|[silent]\n|move|p1a: Arboliva|Dazzling Gleam|p2b: Grimmsnarl|[spread] p2a,p2b\n|-supereffective|p2a: Hawlucha\n|-supereffective|p2b: Grimmsnarl\n|-damage|p2a: Hawlucha|54\/100\n|-damage|p2b: Grimmsnarl|75\/100\n|\n|-weather|SunnyDay|[upkeep]\n|upkeep\n|\n|t:|1681832354\n|switch|p1b: Farigiraf|Farigiraf, L50, M|100\/100\n|turn|3\n|\n|t:|1681832376\n|-terastallize|p2a: Hawlucha|Flying\n|move|p1a: Arboliva|Protect|p1a: Arboliva\n|-singleturn|p1a: Arboliva|Protect\n|move|p2a: Hawlucha|Acrobatics|p1b: Farigiraf\n|-damage|p1b: Farigiraf|0 fnt\n|faint|p1b: Farigiraf\n|move|p2b: Grimmsnarl|Spirit Break|p1a: Arboliva\n|-activate|p1a: Arboliva|move: Protect\n|\n|-weather|SunnyDay|[upkeep]\n|upkeep\n|turn|4\n|c|\u2606shucklesrevenge95|dang\n|-message|NotNehzzy forfeited.\n|\n|win|shucklesrevenge95\n|raw|NotNehzzy's rating: 1113 → 1094<\/strong> (-19 for losing)\n|raw|shucklesrevenge95's rating: 1200 → 1219<\/strong> (+19 for winning)\n|l|\u2606NotNehzzy\n","uploadtime":1681832406,"views":9,"p1id":"notnehzzy","p2id":"shucklesrevenge95","formatid":"gen9vgc2023regulationc","rating":1094,"private":0,"password":""}