{"id":"gen9vgc2023regulationc-1859094527","p1":"rykerjk","p2":"Immagamer","format":"[Gen 9] VGC 2023 Regulation C","log":"|j|\u2606rykerjk\n|j|\u2606Immagamer\n|t:|1683403746\n|gametype|doubles\n|player|p1|rykerjk|2|1073\n|player|p2|Immagamer|lucas|1033\n|teamsize|p1|6\n|teamsize|p2|6\n|gen|9\n|tier|[Gen 9] VGC 2023 Regulation C\n|rated|\n|rule|Species Clause: Limit one of each Pok\u00e9mon\n|rule|Item Clause: Limit one of each item\n|clearpoke\n|poke|p1|Espathra, L50, M|\n|poke|p1|Chi-Yu, L50|\n|poke|p1|Ursaring, L50, M|\n|poke|p1|Ting-Lu, L50|\n|poke|p1|Cloyster, L50, F|\n|poke|p1|Flutter Mane, L50|\n|poke|p2|Iron Hands, L50|\n|poke|p2|Bronzong, L50|\n|poke|p2|Maushold, L50|\n|poke|p2|Volcarona, L50, M|\n|poke|p2|Indeedee-F, L50, F|\n|poke|p2|Espeon, L50, F|\n|teampreview|4\n|inactive|Battle timer is ON: inactive players will automatically lose when time's up. (requested by Immagamer)\n|\n|t:|1683403765\n|start\n|switch|p1a: Espathra|Espathra, L50, M|100\/100\n|switch|p1b: Flutter Mane|Flutter Mane, L50|100\/100\n|switch|p2a: Iron Hands|Iron Hands, L50|100\/100\n|switch|p2b: Bronzong|Bronzong, L50|100\/100\n|-enditem|p1b: Flutter Mane|Booster Energy\n|-activate|p1b: Flutter Mane|ability: Protosynthesis|[fromitem]\n|-start|p1b: Flutter Mane|protosynthesisspa\n|turn|1\n|\n|t:|1683403789\n|-terastallize|p2a: Iron Hands|Ground\n|move|p1b: Flutter Mane|Dazzling Gleam|p2b: Bronzong|[spread] p2a,p2b\n|-resisted|p2b: Bronzong\n|-damage|p2a: Iron Hands|56\/100\n|-damage|p2b: Bronzong|79\/100\n|move|p1a: Espathra|Lumina Crash|p2b: Bronzong\n|-resisted|p2b: Bronzong\n|-damage|p2b: Bronzong|72\/100\n|-unboost|p2b: Bronzong|spd|2\n|move|p2a: Iron Hands|Belly Drum|p2a: Iron Hands\n|-damage|p2a: Iron Hands|6\/100\n|-setboost|p2a: Iron Hands|atk|6|[from] move: Belly Drum\n|-enditem|p2a: Iron Hands|Sitrus Berry|[eat]\n|-heal|p2a: Iron Hands|31\/100|[from] item: Sitrus Berry\n|move|p2b: Bronzong|Trick Room|p2b: Bronzong\n|-fieldstart|move: Trick Room|[of] p2b: Bronzong\n|\n|-ability|p1a: Espathra|Speed Boost|boost\n|-boost|p1a: Espathra|spe|1\n|upkeep\n|turn|2\n|inactive|rykerjk has 30 seconds left.\n|\n|t:|1683403818\n|move|p1b: Flutter Mane|Protect|p1b: Flutter Mane\n|-singleturn|p1b: Flutter Mane|Protect\n|move|p2b: Bronzong|Gravity|p2b: Bronzong\n|-fieldstart|move: Gravity\n|move|p2a: Iron Hands|Earthquake|p1b: Flutter Mane|[spread] p2b,p1a\n|-activate|p1b: Flutter Mane|move: Protect\n|-supereffective|p2b: Bronzong\n|-damage|p2b: Bronzong|0 fnt\n|-damage|p1a: Espathra|0 fnt\n|faint|p2b: Bronzong\n|faint|p1a: Espathra\n|\n|upkeep\n|\n|t:|1683403837\n|switch|p2b: Maushold|Maushold, L50|100\/100\n|switch|p1a: Cloyster|Cloyster, L50, F|100\/100\n|turn|3\n|\n|t:|1683403848\n|move|p2b: Maushold|Follow Me|p2b: Maushold\n|-singleturn|p2b: Maushold|move: Follow Me\n|move|p1a: Cloyster|Ice Shard|p2b: Maushold\n|-damage|p2b: Maushold|86\/100\n|move|p2a: Iron Hands|Earthquake|p1a: Cloyster|[spread] p2b,p1a,p1b\n|-damage|p2b: Maushold|0 fnt\n|-damage|p1a: Cloyster|0 fnt\n|-damage|p1b: Flutter Mane|0 fnt\n|faint|p2b: Maushold\n|faint|p1a: Cloyster\n|faint|p1b: Flutter Mane\n|-end|p1b: Flutter Mane|Protosynthesis|[silent]\n|\n|upkeep\n|-message|rykerjk forfeited.\n|\n|win|Immagamer\n|raw|rykerjk's rating: 1073 → 1050<\/strong> (-23 for losing)\n|raw|Immagamer's rating: 1033 → 1072<\/strong> (+39 for winning)\n|l|\u2606rykerjk\n","uploadtime":1683403865,"views":10,"p1id":"rykerjk","p2id":"immagamer","formatid":"gen9vgc2023regulationc","rating":1050,"private":0,"password":""}