{"id":"gen9vgc2023regulationc-1851145924","p1":"gorilnx","p2":"Blublublu83","format":"[Gen 9] VGC 2023 Regulation C","log":"|j|\u2606gorilnx\n|j|\u2606Blublublu83\n|t:|1682416715\n|gametype|doubles\n|player|p1|gorilnx|dawn-gen4pt|1129\n|player|p2|Blublublu83|170|1230\n|teamsize|p1|6\n|teamsize|p2|6\n|gen|9\n|tier|[Gen 9] VGC 2023 Regulation C\n|rated|\n|rule|Species Clause: Limit one of each Pok\u00e9mon\n|rule|Item Clause: Limit one of each item\n|clearpoke\n|poke|p1|Abomasnow, L50, F|\n|poke|p1|Iron Bundle, L50|\n|poke|p1|Vivillon-Fancy, L50, M|\n|poke|p1|Ting-Lu, L50|\n|poke|p1|Annihilape, L50, F|\n|poke|p1|Chien-Pao, L50|\n|poke|p2|Flutter Mane, L50|\n|poke|p2|Breloom, L50, F|\n|poke|p2|Weavile, L50, M|\n|poke|p2|Garchomp, L50, M|\n|poke|p2|Talonflame, L50, M|\n|poke|p2|Amoonguss, L50, M|\n|teampreview|4\n|inactive|Battle timer is ON: inactive players will automatically lose when time's up. (requested by gorilnx)\nBlublublu83 has agreed to open team sheets.\n|\n|t:|1682416746\n|start\n|switch|p1a: Ting-Lu|Ting-Lu, L50|100\/100\n|switch|p1b: Vivillon|Vivillon-Fancy, L50, M|100\/100\n|switch|p2a: Flutter Mane|Flutter Mane, L50|100\/100\n|switch|p2b: Talonflame|Talonflame, L50, M|100\/100\n|-ability|p1a: Ting-Lu|Vessel of Ruin\n|turn|1\n|\n|t:|1682416762\n|move|p2b: Talonflame|Tailwind|p2b: Talonflame\n|-sidestart|p2: Blublublu83|move: Tailwind\n|move|p2a: Flutter Mane|Dazzling Gleam|p1b: Vivillon|[spread] p1a,p1b\n|-supereffective|p1a: Ting-Lu\n|-damage|p1a: Ting-Lu|59\/100\n|-damage|p1b: Vivillon|30\/100\n|-damage|p2a: Flutter Mane|91\/100|[from] item: Life Orb\n|move|p1b: Vivillon|Safeguard|p1b: Vivillon\n|-sidestart|p1: gorilnx|Safeguard\n|move|p1a: Ting-Lu|Rock Slide|p2b: Talonflame|[spread] p2a,p2b\n|-supereffective|p2b: Talonflame\n|-damage|p2a: Flutter Mane|32\/100\n|-damage|p2b: Talonflame|0 fnt\n|faint|p2b: Talonflame\n|\n|upkeep\n|\n|t:|1682416774\n|switch|p2b: Breloom|Breloom, L50, F|100\/100\n|turn|2\n|\n|t:|1682416784\n|move|p1b: Vivillon|Rage Powder|p1b: Vivillon\n|-singleturn|p1b: Vivillon|move: Rage Powder\n|move|p2a: Flutter Mane|Dazzling Gleam|p1a: Ting-Lu|[spread] p1a,p1b\n|-supereffective|p1a: Ting-Lu\n|-damage|p1a: Ting-Lu|14\/100\n|-damage|p1b: Vivillon|0 fnt\n|faint|p1b: Vivillon\n|-damage|p2a: Flutter Mane|23\/100|[from] item: Life Orb\n|move|p2b: Breloom|Seed Bomb|p1a: Ting-Lu\n|-supereffective|p1a: Ting-Lu\n|-damage|p1a: Ting-Lu|0 fnt\n|faint|p1a: Ting-Lu\n|\n|-status|p2b: Breloom|tox|[from] item: Toxic Orb\n|upkeep\n|\n|t:|1682416795\n|switch|p1b: Abomasnow|Abomasnow, L50, F|100\/100\n|switch|p1a: Iron Bundle|Iron Bundle, L50|100\/100\n|-weather|Snow|[from] ability: Snow Warning|[of] p1b: Abomasnow\n|-enditem|p1a: Iron Bundle|Booster Energy\n|-activate|p1a: Iron Bundle|ability: Quark Drive|[fromitem]\n|-start|p1a: Iron Bundle|quarkdrivespe\n|turn|3\n|\n|t:|1682416819\n|move|p1b: Abomasnow|Ice Shard|p2a: Flutter Mane\n|-damage|p2a: Flutter Mane|0 fnt\n|faint|p2a: Flutter Mane\n|-end|p2a: Flutter Mane|Protosynthesis|[silent]\n|-damage|p1b: Abomasnow|91\/100|[from] item: Life Orb\n|move|p1a: Iron Bundle|Aurora Veil|p1a: Iron Bundle\n|-sidestart|p1: gorilnx|move: Aurora Veil\n|move|p2b: Breloom|Facade|p1b: Abomasnow\n|-damage|p1b: Abomasnow|73\/100\n|\n|-weather|Snow|[upkeep]\n|upkeep\n|\n|t:|1682416828\n|switch|p2a: Amoonguss|Amoonguss, L50, M|100\/100\n|turn|4\n|\n|t:|1682416853\n|move|p1a: Iron Bundle|Blizzard|p2a: Amoonguss|[spread] p2a,p2b\n|-supereffective|p2a: Amoonguss\n|-supereffective|p2b: Breloom\n|-damage|p2a: Amoonguss|35\/100\n|-damage|p2b: Breloom|0 fnt\n|faint|p2b: Breloom\n|move|p2a: Amoonguss|Pollen Puff|p1a: Iron Bundle\n|-damage|p1a: Iron Bundle|82\/100\n|move|p1b: Abomasnow|Blizzard|p2a: Amoonguss\n|-supereffective|p2a: Amoonguss\n|-damage|p2a: Amoonguss|0 fnt\n|faint|p2a: Amoonguss\n|-damage|p1b: Abomasnow|63\/100|[from] item: Life Orb\n|\n|win|gorilnx\n|raw|gorilnx's rating: 1129 → 1161<\/strong> (+32 for winning)\n|raw|Blublublu83's rating: 1230 → 1198<\/strong> (-32 for losing)\n|l|\u2606Blublublu83\n","uploadtime":1682416868,"views":10,"p1id":"gorilnx","p2id":"blublublu83","formatid":"gen9vgc2023regulationc","rating":1161,"private":0,"password":""}