{"id":"gen9vgc2023regulationc-1855154165","p1":"jeffman323","p2":"actuary97","format":"[Gen 9] VGC 2023 Regulation C","log":"|j|\u2606jeffman323\n|j|\u2606actuary97\n|t:|1682907933\n|gametype|doubles\n|player|p1|jeffman323|steven|1581\n|player|p2|actuary97|sabrina-lgpe|1534\n|teamsize|p1|6\n|teamsize|p2|6\n|gen|9\n|tier|[Gen 9] VGC 2023 Regulation C\n|rated|\n|rule|Species Clause: Limit one of each Pok\u00e9mon\n|rule|Item Clause: Limit one of each item\n|clearpoke\n|poke|p1|Hatterene, L50, F|\n|poke|p1|Azumarill, L50, M|\n|poke|p1|Brute Bonnet, L50|\n|poke|p1|Kingambit, L50, M|\n|poke|p1|Iron Hands, L50|\n|poke|p1|Stantler, L50, M|\n|poke|p2|Tauros-Paldea-Blaze, L50, M|\n|poke|p2|Kingambit, L50, M|\n|poke|p2|Armarouge, L50, F|\n|poke|p2|Gallade, L50, M|\n|poke|p2|Indeedee, L50, M|\n|poke|p2|Drifblim, L50, M|\n|teampreview|4\njeffman323 has agreed to open team sheets.\nactuary97 rejected open team sheets.\n|\n|t:|1682907988\n|start\n|switch|p1a: Azumarill|Azumarill, L50, M|100\/100\n|switch|p1b: Kingambit|Kingambit, L50, M|100\/100\n|switch|p2a: Indeedee|Indeedee, L50, M, shiny|100\/100\n|switch|p2b: King|Gallade, L50, M, shiny|100\/100\n|-fieldstart|move: Psychic Terrain|[from] ability: Psychic Surge|[of] p2a: Indeedee\n|turn|1\n|\n|t:|1682908004\n|-terastallize|p1b: Kingambit|Flying\n|move|p2b: King|Protect|p2b: King\n|-singleturn|p2b: King|Protect\n|move|p2a: Indeedee|Psychic|p1a: Azumarill\n|-damage|p1a: Azumarill|13\/100\n|-enditem|p1a: Azumarill|Sitrus Berry|[eat]\n|-heal|p1a: Azumarill|38\/100|[from] item: Sitrus Berry\n|move|p1a: Azumarill|Play Rough|p2b: King\n|-activate|p2b: King|move: Protect\n|move|p1b: Kingambit|Kowtow Cleave|p2a: Indeedee\n|-supereffective|p2a: Indeedee\n|-damage|p2a: Indeedee|0 fnt\n|faint|p2a: Indeedee\n|\n|upkeep\n|\n|t:|1682908022\n|switch|p2a: Armarouge|Armarouge, L50, F, shiny|100\/100\n|turn|2\n|\n|t:|1682908038\n|-terastallize|p2b: King|Water\n|move|p1a: Azumarill|Protect|p1a: Azumarill\n|-singleturn|p1a: Azumarill|Protect\n|move|p2b: King|Psycho Cut|p1b: Kingambit\n|-crit|p1b: Kingambit\n|-damage|p1b: Kingambit|9\/100\n|move|p2a: Armarouge|Expanding Force|p1b: Kingambit|[spread] p1b\n|-activate|p1a: Azumarill|move: Protect\n|-damage|p1b: Kingambit|0 fnt\n|faint|p1b: Kingambit\n|-damage|p2a: Armarouge|91\/100|[from] item: Life Orb\n|\n|upkeep\n|\n|t:|1682908048\n|switch|p1b: Hatterene|Hatterene, L50, F|100\/100\n|turn|3\n|\n|t:|1682908066\n|move|p2b: King|Aqua Cutter|p1b: Hatterene\n|-damage|p1b: Hatterene|32\/100\n|move|p2a: Armarouge|Expanding Force|p1b: Hatterene|[spread] p1a,p1b\n|-resisted|p1b: Hatterene\n|-damage|p1a: Azumarill|0 fnt\n|-damage|p1b: Hatterene|0 fnt\n|faint|p1a: Azumarill\n|faint|p1b: Hatterene\n|-damage|p2a: Armarouge|81\/100|[from] item: Life Orb\n|\n|upkeep\n|\n|t:|1682908072\n|switch|p1b: Iron Hands|Iron Hands, L50|100\/100\n|turn|4\n|\n|t:|1682908081\n|move|p2b: King|Psycho Cut|p1b: Iron Hands\n|-supereffective|p1b: Iron Hands\n|-crit|p1b: Iron Hands\n|-damage|p1b: Iron Hands|0 fnt\n|faint|p1b: Iron Hands\n|-end|p1b: Iron Hands|Quark Drive|[silent]\n|\n|win|actuary97\n|raw|jeffman323's rating: 1581 → 1558<\/strong> (-23 for losing)\n|raw|actuary97's rating: 1534 → 1557<\/strong> (+23 for winning)\n","uploadtime":1682908083,"views":15,"p1id":"jeffman323","p2id":"actuary97","formatid":"gen9vgc2023regulationc","rating":1557,"private":0,"password":""}