{"id":"gen9vgc2023regulationc-1861293289","p1":"xiaoven","p2":"Lordblacksage","format":"[Gen 9] VGC 2023 Regulation C","log":"|j|\u2606xiaoven\n|j|\u2606Lordblacksage\n|t:|1683743192\n|gametype|doubles\n|player|p1|xiaoven|iono|1125\n|player|p2|Lordblacksage|giovanni|1127\n|teamsize|p1|6\n|teamsize|p2|6\n|gen|9\n|tier|[Gen 9] VGC 2023 Regulation C\n|rated|\n|rule|Species Clause: Limit one of each Pok\u00e9mon\n|rule|Item Clause: Limit one of each item\n|clearpoke\n|poke|p1|Glimmora, L50, M|\n|poke|p1|Wo-Chien, L50|\n|poke|p1|Baxcalibur, L50, M|\n|poke|p1|Salamence, L50, M|\n|poke|p1|Great Tusk, L50|\n|poke|p1|Flutter Mane, L50|\n|poke|p2|Flutter Mane, L50|\n|poke|p2|Annihilape, L50, M|\n|poke|p2|Armarouge, L50, M|\n|poke|p2|Gyarados, L50, F|\n|poke|p2|Chi-Yu, L50|\n|poke|p2|Maushold-Four, L50|\n|teampreview|4\n|\n|t:|1683743243\n|start\n|switch|p1a: violencia|Flutter Mane, L50, shiny|100\/100\n|switch|p1b: tuskothy|Great Tusk, L50, shiny|100\/100\n|switch|p2a: Chi-Yu|Chi-Yu, L50|100\/100\n|switch|p2b: Flutter Mane|Flutter Mane, L50|100\/100\n|-ability|p2a: Chi-Yu|Beads of Ruin\n|-enditem|p2b: Flutter Mane|Booster Energy\n|-activate|p2b: Flutter Mane|ability: Protosynthesis|[fromitem]\n|-start|p2b: Flutter Mane|protosynthesisspe\n|turn|1\n|\n|t:|1683743325\n|-end|p1a: violencia|Protosynthesis|[silent]\n|switch|p1a: snail gaming|Wo-Chien, L50|100\/100\n|-ability|p1a: snail gaming|Tablets of Ruin\n|move|p2b: Flutter Mane|Dazzling Gleam|p1b: tuskothy|[spread] p1a,p1b\n|-supereffective|p1a: snail gaming\n|-supereffective|p1b: tuskothy\n|-damage|p1a: snail gaming|52\/100\n|-damage|p1b: tuskothy|0 fnt\n|faint|p1b: tuskothy\n|-end|p1b: tuskothy|Protosynthesis|[silent]\n|move|p2a: Chi-Yu|Heat Wave|p1a: snail gaming\n|-supereffective|p1a: snail gaming\n|-damage|p1a: snail gaming|0 fnt\n|faint|p1a: snail gaming\n|\n|upkeep\n|-message|xiaoven forfeited.\n|\n|win|Lordblacksage\n|raw|xiaoven's rating: 1125 → 1100<\/strong> (-25 for losing)\n|raw|Lordblacksage's rating: 1127 → 1152<\/strong> (+25 for winning)\n|l|\u2606xiaoven\n","uploadtime":1683743390,"views":17,"p1id":"xiaoven","p2id":"lordblacksage","formatid":"gen9vgc2023regulationc","rating":1100,"private":0,"password":""}