{"id":"gen9vgc2023regulationc-1855198907","p1":"Emberbloom","p2":"dunvrgazo","format":"[Gen 9] VGC 2023 Regulation C","log":"|j|\u2606Emberbloom\n|j|\u2606dunvrgazo\n|t:|1682913944\n|gametype|doubles\n|player|p1|Emberbloom|flannery|1360\n|player|p2|dunvrgazo|n|1294\n|teamsize|p1|6\n|teamsize|p2|6\n|gen|9\n|tier|[Gen 9] VGC 2023 Regulation C\n|rated|\n|rule|Species Clause: Limit one of each Pok\u00e9mon\n|rule|Item Clause: Limit one of each item\n|clearpoke\n|poke|p1|Corviknight, L50, F|\n|poke|p1|Tyranitar, L50, F|\n|poke|p1|Garchomp, L50, F|\n|poke|p1|Amoonguss, L50, F|\n|poke|p1|Arcanine, L50, F|\n|poke|p1|Iron Bundle, L50|\n|poke|p2|Slowking, L50, F|\n|poke|p2|Cetitan, L50, F|\n|poke|p2|Abomasnow, L50, M|\n|poke|p2|Iron Bundle, L50|\n|poke|p2|Palafin, L50, M|\n|poke|p2|Tauros-Paldea-Blaze, L50, M|\n|teampreview|4\n|inactive|Battle timer is ON: inactive players will automatically lose when time's up. (requested by dunvrgazo)\n|\n|t:|1682913964\n|start\n|switch|p1a: Garchomp|Garchomp, L50, F|100\/100\n|switch|p1b: Iron Bundle|Iron Bundle, L50|100\/100\n|switch|p2a: Palafin|Palafin, L50, M|100\/100\n|switch|p2b: Iron Bundle|Iron Bundle, L50|100\/100\n|-enditem|p1b: Iron Bundle|Booster Energy\n|-activate|p1b: Iron Bundle|ability: Quark Drive|[fromitem]\n|-start|p1b: Iron Bundle|quarkdrivespe\n|turn|1\n|inactive|Emberbloom has 30 seconds left.\n|inactive|dunvrgazo has 30 seconds left.\n|inactive|Emberbloom has 20 seconds left.\n|\n|t:|1682914004\n|detailschange|p2a: Palafin|Palafin-Hero, L50, M\n|switch|p2a: Abomasnow|Abomasnow, L50, M|100\/100\n|-weather|Snow|[from] ability: Snow Warning|[of] p2a: Abomasnow\n|-terastallize|p1a: Garchomp|Fire\n|move|p1b: Iron Bundle|Freeze-Dry|p2b: Iron Bundle\n|-damage|p2b: Iron Bundle|29\/100\n|move|p2b: Iron Bundle|Freeze-Dry|p1b: Iron Bundle\n|-damage|p1b: Iron Bundle|22\/100\n|move|p1a: Garchomp|Rock Slide|p2a: Abomasnow|[spread] p2a,p2b\n|-supereffective|p2a: Abomasnow\n|-supereffective|p2b: Iron Bundle\n|-damage|p2a: Abomasnow|64\/100\n|-damage|p2b: Iron Bundle|0 fnt\n|faint|p2b: Iron Bundle\n|-end|p2b: Iron Bundle|Quark Drive|[silent]\n|\n|-weather|Snow|[upkeep]\n|upkeep\n|\n|t:|1682914022\n|switch|p2b: Palafin|Palafin-Hero, L50, M|100\/100\n|-activate|p2b: Palafin|ability: Zero to Hero\n|turn|2\n|\n|t:|1682914047\n|move|p2b: Palafin|Protect|p2b: Palafin\n|-singleturn|p2b: Palafin|Protect\n|move|p1b: Iron Bundle|Freeze-Dry|p2b: Palafin\n|-activate|p2b: Palafin|move: Protect\n|move|p1a: Garchomp|Tera Blast|p2a: Abomasnow\n|-supereffective|p2a: Abomasnow\n|-damage|p2a: Abomasnow|0 fnt\n|faint|p2a: Abomasnow\n|\n|-weather|Snow|[upkeep]\n|upkeep\n|\n|t:|1682914059\n|switch|p2a: Tauros|Tauros-Paldea-Blaze, L50, M|100\/100\n|-ability|p2a: Tauros|Intimidate|boost\n|-fail|p1a: Garchomp|unboost|[from] item: Clear Amulet|[of] p1a: Garchomp\n|-unboost|p1b: Iron Bundle|atk|1\n|turn|3\n|-message|dunvrgazo forfeited.\n|\n|win|Emberbloom\n|raw|Emberbloom's rating: 1360 → 1376<\/strong> (+16 for winning)\n|raw|dunvrgazo's rating: 1294 → 1274<\/strong> (-20 for losing)\n|l|\u2606dunvrgazo\n","uploadtime":1682914068,"views":23,"p1id":"emberbloom","p2id":"dunvrgazo","formatid":"gen9vgc2023regulationc","rating":1274,"private":0,"password":""}