{"id":"gen9vgc2023regulationc-1856899160","p1":"haha you rage quit","p2":"Leninx768965","format":"[Gen 9] VGC 2023 Regulation C","log":"|j|\u2606haha you rage quit\n|j|\u2606Leninx768965\n|t:|1683123978\n|gametype|doubles\n|player|p1|haha you rage quit|pokemaniac|1335\n|player|p2|Leninx768965|169|1276\n|teamsize|p1|6\n|teamsize|p2|6\n|gen|9\n|tier|[Gen 9] VGC 2023 Regulation C\n|rated|\n|rule|Species Clause: Limit one of each Pok\u00e9mon\n|rule|Item Clause: Limit one of each item\n|clearpoke\n|poke|p1|Flutter Mane, L50|\n|poke|p1|Chi-Yu, L50|\n|poke|p1|Great Tusk, L50|\n|poke|p1|Gholdengo, L50|\n|poke|p1|Murkrow, L50, M|\n|poke|p1|Talonflame, L50, M|\n|poke|p2|Lilligant, L50, F|\n|poke|p2|Torkoal, L50, F|\n|poke|p2|Flutter Mane, L50|\n|poke|p2|Kingambit, L50, F|\n|poke|p2|Dragonite, L50, F|\n|poke|p2|Great Tusk, L50|\n|teampreview|4\n|l|\u2606Leninx768965\n|player|p2|\n|j|\u2606Leninx768965\n|player|p2|Leninx768965|169\n|inactive|Battle timer is ON: inactive players will automatically lose when time's up. (requested by Leninx768965)\n|\n|t:|1683124028\n|start\n|switch|p1a: Talonflame|Talonflame, L50, M|100\/100\n|switch|p1b: Gholdengo|Gholdengo, L50|100\/100\n|switch|p2a: Espresso|Dragonite, L50, F|100\/100\n|switch|p2b: Trouble|Great Tusk, L50, shiny|100\/100\n|turn|1\n|inactive|haha you rage quit has 30 seconds left.\n|\n|t:|1683124059\n|-terastallize|p2b: Trouble|Steel\n|-terastallize|p1b: Gholdengo|Flying\n|move|p2a: Espresso|Extreme Speed|p1a: Talonflame\n|-damage|p1a: Talonflame|58\/100\n|move|p2b: Trouble|Rock Slide|p1b: Gholdengo|[spread] p1b\n|-miss|p2b: Trouble|p1a: Talonflame\n|-supereffective|p1b: Gholdengo\n|-damage|p1b: Gholdengo|61\/100\n|-enditem|p1b: Gholdengo|Weakness Policy\n|-boost|p1b: Gholdengo|atk|2|[from] item: Weakness Policy\n|-boost|p1b: Gholdengo|spa|2|[from] item: Weakness Policy\n|move|p1a: Talonflame|Tailwind|p1a: Talonflame\n|-sidestart|p1: haha you rage quit|move: Tailwind\n|move|p1b: Gholdengo|Make It Rain|p2a: Espresso|[spread] p2a,p2b\n|-resisted|p2b: Trouble\n|-damage|p2a: Espresso|49\/100\n|-damage|p2b: Trouble|20\/100\n|-unboost|p1b: Gholdengo|spa|1\n|\n|upkeep\n|turn|2\n|c|\u2606Leninx768965|gg\n|inactive|haha you rage quit has 30 seconds left.\n|-message|Leninx768965 forfeited.\n|\n|win|haha you rage quit\n|raw|haha you rage quit's rating: 1335 → 1352<\/strong> (+17 for winning)\n|raw|Leninx768965's rating: 1276 → 1255<\/strong> (-21 for losing)\n|l|\u2606Leninx768965\n","uploadtime":1683124113,"views":11,"p1id":"hahayouragequit","p2id":"leninx768965","formatid":"gen9vgc2023regulationc","rating":1255,"private":0,"password":""}