{"id":"gen9vgc2023regulationc-1850085818","p1":"Vipermain","p2":"dansdh","format":"[Gen 9] VGC 2023 Regulation C","log":"|j|\u2606Vipermain\n|j|\u2606dansdh\n|t:|1682285618\n|gametype|doubles\n|player|p1|Vipermain|265|1120\n|player|p2|dansdh|102|1117\n|teamsize|p1|6\n|teamsize|p2|6\n|gen|9\n|tier|[Gen 9] VGC 2023 Regulation C\n|rated|\n|rule|Species Clause: Limit one of each Pok\u00e9mon\n|rule|Item Clause: Limit one of each item\n|clearpoke\n|poke|p1|Ting-Lu, L50|\n|poke|p1|Bruxish, L50, M|\n|poke|p1|Ceruledge, L50, F|\n|poke|p1|Flutter Mane, L50|\n|poke|p1|Gastrodon-East, L50, F|\n|poke|p1|Maushold, L50|\n|poke|p2|Chien-Pao, L50|\n|poke|p2|Garchomp, L50, F|\n|poke|p2|Kilowattrel, L50, M|\n|poke|p2|Ceruledge, L50, M|\n|poke|p2|Indeedee-F, L50, F|\n|poke|p2|Murkrow, L50, F|\n|teampreview|4\n|inactive|Battle timer is ON: inactive players will automatically lose when time's up. (requested by dansdh)\n|\n|t:|1682285656\n|start\n|switch|p1a: Maushold|Maushold, L50|100\/100\n|switch|p1b: Flutter Mane|Flutter Mane, L50|100\/100\n|switch|p2a: Chien-Pao|Chien-Pao, L50|100\/100\n|switch|p2b: Garchomp|Garchomp, L50, F, shiny|100\/100\n|-ability|p2a: Chien-Pao|Sword of Ruin\n|-enditem|p1b: Flutter Mane|Booster Energy\n|-activate|p1b: Flutter Mane|ability: Protosynthesis|[fromitem]\n|-start|p1b: Flutter Mane|protosynthesisspe\n|turn|1\n|c|\u2606dansdh|Just testing, gl, hf\n|c|\u2606Vipermain|same\n|\n|t:|1682285677\n|move|p1a: Maushold|Helping Hand|p1b: Flutter Mane\n|-singleturn|p1b: Flutter Mane|Helping Hand|[of] p1a: Maushold\n|move|p2a: Chien-Pao|Protect|p2a: Chien-Pao\n|-singleturn|p2a: Chien-Pao|Protect\n|move|p1b: Flutter Mane|Moonblast|p2b: Garchomp\n|-supereffective|p2b: Garchomp\n|-damage|p2b: Garchomp|0 fnt\n|faint|p2b: Garchomp\n|\n|upkeep\n|\n|t:|1682285686\n|switch|p2b: Indeedee|Indeedee-F, L50, F|100\/100\n|-fieldstart|move: Psychic Terrain|[from] ability: Psychic Surge|[of] p2b: Indeedee\n|-enditem|p2b: Indeedee|Psychic Seed\n|-boost|p2b: Indeedee|spd|1|[from] item: Psychic Seed\n|turn|2\n|\n|t:|1682285705\n|move|p1a: Maushold|Follow Me|p1a: Maushold\n|-singleturn|p1a: Maushold|move: Follow Me\n|move|p1b: Flutter Mane|Moonblast|p2a: Chien-Pao\n|-supereffective|p2a: Chien-Pao\n|-damage|p2a: Chien-Pao|0 fnt\n|faint|p2a: Chien-Pao\n|move|p2b: Indeedee|Trick Room|p2b: Indeedee\n|-fieldstart|move: Trick Room|[of] p2b: Indeedee\n|\n|upkeep\n|\n|t:|1682285712\n|switch|p2a: Kilowattrel|Kilowattrel, L50, M, shiny|100\/100\n|turn|3\n|\n|t:|1682285731\n|-end|p1b: Flutter Mane|Protosynthesis|[silent]\n|switch|p1b: Gastrodon|Gastrodon-East, L50, F|100\/100\n|move|p2b: Indeedee|Protect|p2b: Indeedee\n|-singleturn|p2b: Indeedee|Protect\n|move|p1a: Maushold|Population Bomb|p2b: Indeedee\n|-activate|p2b: Indeedee|move: Protect\n|move|p2a: Kilowattrel|Discharge|p1a: Maushold|[spread] p1a\n|-activate|p2b: Indeedee|move: Protect\n|-immune|p1b: Gastrodon\n|-damage|p1a: Maushold|65\/100\n|\n|upkeep\n|turn|4\n|-message|dansdh forfeited.\n|\n|win|Vipermain\n|raw|Vipermain's rating: 1120 → 1145<\/strong> (+25 for winning)\n|raw|dansdh's rating: 1117 → 1092<\/strong> (-25 for losing)\n|l|\u2606dansdh\n","uploadtime":1682285747,"views":9,"p1id":"vipermain","p2id":"dansdh","formatid":"gen9vgc2023regulationc","rating":1092,"private":0,"password":""}