{"id":"gen9vgc2023regulationc-1854289034","p1":"zarderino","p2":"Jadedragon61","format":"[Gen 9] VGC 2023 Regulation C","log":"|j|\u2606zarderino\n|j|\u2606Jadedragon61\n|t:|1682793024\n|gametype|doubles\n|player|p1|zarderino|kimonogirl|1390\n|player|p2|Jadedragon61|colress-gen7|1304\n|teamsize|p1|6\n|teamsize|p2|6\n|gen|9\n|tier|[Gen 9] VGC 2023 Regulation C\n|rated|\n|rule|Species Clause: Limit one of each Pok\u00e9mon\n|rule|Item Clause: Limit one of each item\n|clearpoke\n|poke|p1|Annihilape, L50, M|\n|poke|p1|Maushold-Four, L50|\n|poke|p1|Azumarill, L50, F|\n|poke|p1|Amoonguss, L50, M|\n|poke|p1|Chien-Pao, L50|\n|poke|p1|Dragonite, L50, M|\n|poke|p2|Flutter Mane, L50|\n|poke|p2|Tyranitar, L50, F|\n|poke|p2|Gyarados, L50, F|\n|poke|p2|Amoonguss, L50, F|\n|poke|p2|Iron Bundle, L50|\n|poke|p2|Chi-Yu, L50|\n|teampreview|4\n|inactive|Battle timer is ON: inactive players will automatically lose when time's up. (requested by Jadedragon61)\n|inactive|zarderino has 60 seconds left.\n|inactive|Jadedragon61 has 60 seconds left.\n|\n|t:|1682793070\n|start\n|switch|p1a: Annihilape|Annihilape, L50, M|100\/100\n|switch|p1b: Maushold|Maushold-Four, L50|100\/100\n|switch|p2a: Fish|Flutter Mane, L50, shiny|100\/100\n|switch|p2b: Chi-Yu|Chi-Yu, L50|100\/100\n|-ability|p2b: Chi-Yu|Beads of Ruin\n|turn|1\n|\n|t:|1682793095\n|-terastallize|p2b: Chi-Yu|Fire\n|-terastallize|p1a: Annihilape|Water\n|move|p1b: Maushold|Protect|p1b: Maushold\n|-singleturn|p1b: Maushold|Protect\n|move|p2b: Chi-Yu|Heat Wave|p1b: Maushold|[spread] p1a\n|-activate|p1b: Maushold|move: Protect\n|-resisted|p1a: Annihilape\n|-damage|p1a: Annihilape|81\/100\n|move|p2a: Fish|Moonblast|p1a: Annihilape\n|-damage|p1a: Annihilape|36\/100\n|-unboost|p1a: Annihilape|spa|1\n|-ability|p1a: Annihilape|Defiant|boost\n|-boost|p1a: Annihilape|atk|2\n|-damage|p2a: Fish|91\/100|[from] item: Life Orb\n|move|p1a: Annihilape|Drain Punch|p2b: Chi-Yu\n|-damage|p2b: Chi-Yu|0 fnt\n|-heal|p1a: Annihilape|68\/100|[from] drain|[of] p2b: Chi-Yu\n|faint|p2b: Chi-Yu\n|\n|-heal|p1a: Annihilape|74\/100|[from] item: Leftovers\n|upkeep\n|\n|t:|1682793116\n|switch|p2b: Iron Bundle|Iron Bundle, L50|100\/100\n|-enditem|p2b: Iron Bundle|Booster Energy\n|-activate|p2b: Iron Bundle|ability: Quark Drive|[fromitem]\n|-start|p2b: Iron Bundle|quarkdrivespe\n|turn|2\n|\n|t:|1682793135\n|move|p2a: Fish|Protect|p2a: Fish\n|-singleturn|p2a: Fish|Protect\n|move|p1b: Maushold|Follow Me|p1b: Maushold\n|-singleturn|p1b: Maushold|move: Follow Me\n|move|p2b: Iron Bundle|Freeze-Dry|p1b: Maushold\n|-damage|p1b: Maushold|61\/100\n|move|p1a: Annihilape|Drain Punch|p2b: Iron Bundle\n|-supereffective|p2b: Iron Bundle\n|-damage|p2b: Iron Bundle|0 fnt\n|-heal|p1a: Annihilape|100\/100|[from] drain|[of] p2b: Iron Bundle\n|faint|p2b: Iron Bundle\n|-end|p2b: Iron Bundle|Quark Drive|[silent]\n|\n|upkeep\n|\n|t:|1682793145\n|switch|p2b: Gyarados|Gyarados, L50, F|100\/100\n|-ability|p2b: Gyarados|Intimidate|boost\n|-unboost|p1a: Annihilape|atk|1\n|-ability|p1a: Annihilape|Defiant|boost\n|-boost|p1a: Annihilape|atk|2\n|-unboost|p1b: Maushold|atk|1\n|turn|3\n|-message|Jadedragon61 forfeited.\n|\n|win|zarderino\n|raw|zarderino's rating: 1390 → 1405<\/strong> (+15 for winning)\n|raw|Jadedragon61's rating: 1304 → 1289<\/strong> (-15 for losing)\n|l|\u2606Jadedragon61\n","uploadtime":1682793155,"views":19,"p1id":"zarderino","p2id":"jadedragon61","formatid":"gen9vgc2023regulationc","rating":1289,"private":0,"password":""}