{"id":"gen9vgc2023regulationc-1849045608","p1":"uasb","p2":"mx555","format":"[Gen 9] VGC 2023 Regulation C","log":"|j|\u2606uasb\n|j|\u2606mx555\n|t:|1682144609\n|gametype|doubles\n|player|p1|uasb|cynthia|1344\n|player|p2|mx555|266|1420\n|teamsize|p1|6\n|teamsize|p2|6\n|gen|9\n|tier|[Gen 9] VGC 2023 Regulation C\n|rated|\n|rule|Species Clause: Limit one of each Pok\u00e9mon\n|rule|Item Clause: Limit one of each item\n|clearpoke\n|poke|p1|Flutter Mane, L50|\n|poke|p1|Chien-Pao, L50|\n|poke|p1|Ting-Lu, L50|\n|poke|p1|Gyarados, L50, M|\n|poke|p1|Glimmora, L50, M|\n|poke|p1|Wo-Chien, L50|\n|poke|p2|Farigiraf, L50, M|\n|poke|p2|Dragapult, L50, F|\n|poke|p2|Chien-Pao, L50|\n|poke|p2|Iron Hands, L50|\n|poke|p2|Amoonguss, L50, F|\n|poke|p2|Iron Bundle, L50|\n|teampreview|4\n|inactive|Battle timer is ON: inactive players will automatically lose when time's up. (requested by uasb)\n|inactive|uasb has 60 seconds left.\n|inactive|uasb has 30 seconds left.\n|inactive|uasb has 20 seconds left.\n|inactive|uasb has 15 seconds left.\n|\n|t:|1682144685\n|start\n|switch|p1a: Ting-Lu|Ting-Lu, L50|100\/100\n|switch|p1b: Chien-Pao|Chien-Pao, L50|100\/100\n|switch|p2a: Farigiraf|Farigiraf, L50, M|100\/100\n|switch|p2b: Iron Hands|Iron Hands, L50|100\/100\n|-ability|p1b: Chien-Pao|Sword of Ruin\n|-ability|p1a: Ting-Lu|Vessel of Ruin\n|turn|1\n|\n|t:|1682144701\n|switch|p1b: Gyarados|Gyarados, L50, M, shiny|100\/100\n|-ability|p1b: Gyarados|Intimidate|boost\n|-unboost|p2a: Farigiraf|atk|1\n|-unboost|p2b: Iron Hands|atk|1\n|move|p1a: Ting-Lu|Earthquake|p2a: Farigiraf|[spread] p2a,p2b\n|-immune|p1b: Gyarados\n|-supereffective|p2b: Iron Hands\n|-damage|p2a: Farigiraf|72\/100\n|-damage|p2b: Iron Hands|54\/100\n|move|p2b: Iron Hands|Belly Drum|p2b: Iron Hands\n|-damage|p2b: Iron Hands|4\/100\n|-setboost|p2b: Iron Hands|atk|6|[from] move: Belly Drum\n|-enditem|p2b: Iron Hands|Sitrus Berry|[eat]\n|-heal|p2b: Iron Hands|29\/100|[from] item: Sitrus Berry\n|move|p2a: Farigiraf|Trick Room|p2a: Farigiraf\n|-fieldstart|move: Trick Room|[of] p2a: Farigiraf\n|\n|upkeep\n|turn|2\n|inactive|uasb has 30 seconds left.\n|\n|t:|1682144729\n|-terastallize|p1a: Ting-Lu|Fire\n|move|p2b: Iron Hands|Drain Punch|p1a: Ting-Lu\n|-damage|p1a: Ting-Lu|5\/100\n|-heal|p2b: Iron Hands|72\/100|[from] drain|[of] p1a: Ting-Lu\n|move|p2a: Farigiraf|Hyper Voice|p1a: Ting-Lu|[spread] p1a,p1b\n|-damage|p1a: Ting-Lu|0 fnt\n|-damage|p1b: Gyarados|89\/100\n|faint|p1a: Ting-Lu\n|-enditem|p2a: Farigiraf|Throat Spray\n|-boost|p2a: Farigiraf|spa|1|[from] item: Throat Spray\n|move|p1b: Gyarados|Waterfall|p2a: Farigiraf\n|-damage|p2a: Farigiraf|50\/100\n|\n|upkeep\n|-message|uasb forfeited.\n|\n|win|mx555\n|raw|uasb's rating: 1344 → 1328<\/strong> (-16 for losing)\n|raw|mx555's rating: 1420 → 1436<\/strong> (+16 for winning)\n|l|\u2606uasb\n","uploadtime":1682144752,"views":9,"p1id":"uasb","p2id":"mx555","formatid":"gen9vgc2023regulationc","rating":1328,"private":0,"password":""}