{"id":"gen9vgc2023regulationc-1854598998","p1":"JorgeNoSup","p2":"Abugbog","format":"[Gen 9] VGC 2023 Regulation C","log":"|j|\u2606JorgeNoSup\n|j|\u2606Abugbog\n|t:|1682833410\n|gametype|doubles\n|player|p1|JorgeNoSup|2|1125\n|player|p2|Abugbog|170|1137\n|teamsize|p1|6\n|teamsize|p2|6\n|gen|9\n|tier|[Gen 9] VGC 2023 Regulation C\n|rated|\n|rule|Species Clause: Limit one of each Pok\u00e9mon\n|rule|Item Clause: Limit one of each item\n|clearpoke\n|poke|p1|Lilligant, L50, F|\n|poke|p1|Torkoal, L50, F|\n|poke|p1|Flutter Mane, L50|\n|poke|p1|Kingambit, L50, F|\n|poke|p1|Dragonite, L50, F|\n|poke|p1|Great Tusk, L50|\n|poke|p2|Ting-Lu, L50|\n|poke|p2|Palafin, L50, M|\n|poke|p2|Arcanine, L50, M|\n|poke|p2|Flutter Mane, L50|\n|poke|p2|Amoonguss, L50, M|\n|poke|p2|Baxcalibur, L50, F|\n|teampreview|4\n|inactive|Battle timer is ON: inactive players will automatically lose when time's up. (requested by JorgeNoSup)\n|inactive|JorgeNoSup has 60 seconds left.\n|inactive|Abugbog has 60 seconds left.\n|inactive|JorgeNoSup has 30 seconds left.\n|inactive|Abugbog has 30 seconds left.\n|\n|t:|1682833483\n|start\n|switch|p1a: TT|Lilligant, L50, F, shiny|100\/100\n|switch|p1b: Breakthrough|Torkoal, L50, F, shiny|100\/100\n|switch|p2a: Ting-Lu|Ting-Lu, L50|100\/100\n|switch|p2b: Baxcalibur|Baxcalibur, L50, F|100\/100\n|-ability|p2a: Ting-Lu|Vessel of Ruin\n|-weather|SunnyDay|[from] ability: Drought|[of] p1b: Breakthrough\n|turn|1\n|inactive|JorgeNoSup has 30 seconds left.\n|inactive|Abugbog has 30 seconds left.\n|inactive|JorgeNoSup has 20 seconds left.\n|\n|t:|1682833519\n|move|p2b: Baxcalibur|Ice Shard|p1a: TT\n|-supereffective|p1a: TT\n|-enditem|p1a: TT|Focus Sash\n|-damage|p1a: TT|1\/100\n|-damage|p2b: Baxcalibur|91\/100|[from] item: Life Orb\n|move|p1a: TT|Leaf Storm|p2a: Ting-Lu\n|-supereffective|p2a: Ting-Lu\n|-damage|p2a: Ting-Lu|68\/100\n|-unboost|p1a: TT|spa|2\n|move|p2a: Ting-Lu|Fissure|p1b: Breakthrough|[miss]\n|-miss|p2a: Ting-Lu|p1b: Breakthrough\n|move|p1b: Breakthrough|Eruption|p2b: Baxcalibur|[spread] p2a,p2b\n|-damage|p2a: Ting-Lu|42\/100\n|-damage|p2b: Baxcalibur|28\/100\n|-ability|p2b: Baxcalibur|Thermal Exchange|boost\n|-boost|p2b: Baxcalibur|atk|1\n|\n|-weather|SunnyDay|[upkeep]\n|upkeep\n|turn|2\n|inactive|Abugbog has 30 seconds left.\n|\n|t:|1682833548\n|-terastallize|p1b: Breakthrough|Fire\n|move|p2b: Baxcalibur|Ice Shard|p1a: TT\n|-supereffective|p1a: TT\n|-damage|p1a: TT|0 fnt\n|faint|p1a: TT\n|-damage|p2b: Baxcalibur|18\/100|[from] item: Life Orb\n|move|p2a: Ting-Lu|Stomping Tantrum|p1b: Breakthrough\n|-supereffective|p1b: Breakthrough\n|-damage|p1b: Breakthrough|15\/100\n|move|p1b: Breakthrough|Eruption|p2a: Ting-Lu|[spread] p2a,p2b\n|-damage|p2a: Ting-Lu|38\/100\n|-damage|p2b: Baxcalibur|5\/100\n|-ability|p2b: Baxcalibur|Thermal Exchange|boost\n|-boost|p2b: Baxcalibur|atk|1\n|\n|-weather|SunnyDay|[upkeep]\n|upkeep\n|\n|t:|1682833565\n|switch|p1a: FANCY|Flutter Mane, L50, shiny|100\/100\n|-activate|p1a: FANCY|ability: Protosynthesis\n|-start|p1a: FANCY|protosynthesisspa\n|turn|3\n|inactive|Abugbog has 30 seconds left.\n|\n|t:|1682833591\n|-terastallize|p2a: Ting-Lu|Fairy\n|move|p1b: Breakthrough|Protect|p1b: Breakthrough\n|-singleturn|p1b: Breakthrough|Protect\n|move|p2b: Baxcalibur|Ice Shard|p1a: FANCY\n|-damage|p1a: FANCY|0 fnt\n|faint|p1a: FANCY\n|-end|p1a: FANCY|Protosynthesis|[silent]\n|-damage|p2b: Baxcalibur|0 fnt|[from] item: Life Orb\n|faint|p2b: Baxcalibur\n|move|p2a: Ting-Lu|Stomping Tantrum|p1b: Breakthrough\n|-activate|p1b: Breakthrough|move: Protect\n|\n|-weather|SunnyDay|[upkeep]\n|upkeep\n|\n|t:|1682833609\n|switch|p1a: Espresso|Dragonite, L50, F|100\/100\n|switch|p2b: Palafin|Palafin, L50, M, shiny|100\/100\n|turn|4\n|-message|JorgeNoSup forfeited.\n|\n|win|Abugbog\n|raw|JorgeNoSup's rating: 1125 → 1101<\/strong> (-24 for losing)\n|raw|Abugbog's rating: 1137 → 1161<\/strong> (+24 for winning)\n|l|\u2606JorgeNoSup\n","uploadtime":1682833625,"views":19,"p1id":"jorgenosup","p2id":"abugbog","formatid":"gen9vgc2023regulationc","rating":1101,"private":0,"password":""}