{"id":"gen9vgc2023regulationc-1858073230","p1":"Ttamato","p2":"StevennSSB","format":"[Gen 9] VGC 2023 Regulation C","log":"|j|\u2606Ttamato\n|j|\u2606StevennSSB\n|t:|1683271043\n|gametype|doubles\n|player|p1|Ttamato|1|1000\n|player|p2|StevennSSB|n|1037\n|teamsize|p1|6\n|teamsize|p2|6\n|gen|9\n|tier|[Gen 9] VGC 2023 Regulation C\n|rated|\n|rule|Species Clause: Limit one of each Pok\u00e9mon\n|rule|Item Clause: Limit one of each item\n|clearpoke\n|poke|p1|Oricorio-Sensu, L50, F|\n|poke|p1|Volcarona, L50, M|\n|poke|p1|Hydreigon, L50, M|\n|poke|p1|Amoonguss, L50, F|\n|poke|p1|Arboliva, L50, M|\n|poke|p1|Vaporeon, L50, F|\n|poke|p2|Abomasnow, L50, F|\n|poke|p2|Iron Bundle, L50|\n|poke|p2|Gholdengo, L50|\n|poke|p2|Oranguru, L50, F|\n|poke|p2|Chi-Yu, L50|\n|poke|p2|Palafin, L50, F|\n|teampreview|4\n|inactive|Battle timer is ON: inactive players will automatically lose when time's up. (requested by Ttamato)\n|\n|t:|1683271102\n|start\n|switch|p1a: Oricorio|Oricorio-Sensu, L50, F|100\/100\n|switch|p1b: Volcarona|Volcarona, L50, M|100\/100\n|switch|p2a: Iron Bundle|Iron Bundle, L50|100\/100\n|switch|p2b: Chi-Yu|Chi-Yu, L50|100\/100\n|-ability|p2b: Chi-Yu|Beads of Ruin\n|-enditem|p2a: Iron Bundle|Booster Energy\n|-activate|p2a: Iron Bundle|ability: Quark Drive|[fromitem]\n|-start|p2a: Iron Bundle|quarkdrivespe\n|turn|1\n|l|\u2606StevennSSB\n|inactive|StevennSSB disconnected and has a minute to reconnect!\n|player|p2|\n|inactive|StevennSSB has 30 seconds left.\n|inactive|Ttamato has 30 seconds left.\n|inactive|StevennSSB has 20 seconds left.\n|inactive|StevennSSB has 15 seconds left.\n|inactive|StevennSSB has 10 seconds left.\n|inactive|StevennSSB has 5 seconds left.\n|-message|StevennSSB lost due to inactivity.\n|\n|win|Ttamato\n|raw|Ttamato's rating: 1000 → 1044<\/strong> (+44 for winning)\n|raw|StevennSSB's rating: 1037 → 1020<\/strong> (-17 for losing)\n","uploadtime":1683271160,"views":4,"p1id":"ttamato","p2id":"stevennssb","formatid":"gen9vgc2023regulationc","rating":1020,"private":0,"password":""}