{"id":"gen9vgc2023regulationc-1849518452","p1":"plusher","p2":"Jop slipped up","format":"[Gen 9] VGC 2023 Regulation C","log":"|j|\u2606plusher\n|j|\u2606Jop slipped up\n|t:|1682208067\n|gametype|doubles\n|player|p1|plusher|101|1000\n|player|p2|Jop slipped up|lillie|1042\n|teamsize|p1|6\n|teamsize|p2|6\n|gen|9\n|tier|[Gen 9] VGC 2023 Regulation C\n|rated|\n|rule|Species Clause: Limit one of each Pok\u00e9mon\n|rule|Item Clause: Limit one of each item\n|clearpoke\n|poke|p1|Talonflame, L50, M|\n|poke|p1|Baxcalibur, L50, F|\n|poke|p1|Flutter Mane, L50|\n|poke|p1|Gothitelle, L50, F|\n|poke|p1|Roaring Moon, L50|\n|poke|p1|Gholdengo, L50|\n|poke|p2|Palafin, L50, F|\n|poke|p2|Flutter Mane, L50|\n|poke|p2|Arcanine, L50, M|\n|poke|p2|Ting-Lu, L50|\n|poke|p2|Amoonguss, L50, F|\n|poke|p2|Kingambit, L50, F|\n|teampreview|4\n|\n|t:|1682208099\n|start\n|switch|p1a: Baxcalibur|Baxcalibur, L50, F|100\/100\n|switch|p1b: Talonflame|Talonflame, L50, M|100\/100\n|switch|p2a: Kingambit|Kingambit, L50, F, shiny|100\/100\n|switch|p2b: Arcanine|Arcanine, L50, M, shiny|100\/100\n|-ability|p2b: Arcanine|Intimidate|boost\n|-unboost|p1a: Baxcalibur|atk|1\n|-unboost|p1b: Talonflame|atk|1\n|turn|1\n|\n|t:|1682208116\n|switch|p1a: Flutter Mane|Flutter Mane, L50|100\/100\n|move|p1b: Talonflame|Will-O-Wisp|p2a: Kingambit\n|-status|p2a: Kingambit|brn\n|move|p2b: Arcanine|Howl|p2b: Arcanine|[spread] p2a,p2b\n|-boost|p2a: Kingambit|atk|1\n|-boost|p2b: Arcanine|atk|1\n|move|p2a: Kingambit|Kowtow Cleave|p1b: Talonflame\n|-damage|p1b: Talonflame|33\/100\n|\n|-damage|p2a: Kingambit|95\/100 brn|[from] brn\n|upkeep\n|turn|2\n|\n|t:|1682208140\n|move|p2b: Arcanine|Extreme Speed|p1b: Talonflame\n|-damage|p1b: Talonflame|0 fnt\n|faint|p1b: Talonflame\n|move|p1a: Flutter Mane|Perish Song|p1a: Flutter Mane\n|-start|p1a: Flutter Mane|perish3|[silent]\n|-start|p2a: Kingambit|perish3|[silent]\n|-start|p2b: Arcanine|perish3|[silent]\n|-fieldactivate|move: Perish Song\n|move|p2a: Kingambit|Swords Dance|p2a: Kingambit\n|-boost|p2a: Kingambit|atk|2\n|\n|-damage|p2a: Kingambit|89\/100 brn|[from] brn\n|-start|p1a: Flutter Mane|perish3\n|-start|p2b: Arcanine|perish3\n|-start|p2a: Kingambit|perish3\n|upkeep\n|\n|t:|1682208148\n|switch|p1b: Gholdengo|Gholdengo, L50|100\/100\n|turn|3\n|\n|t:|1682208158\n|move|p2a: Kingambit|Sucker Punch|p1b: Gholdengo\n|-supereffective|p1b: Gholdengo\n|-damage|p1b: Gholdengo|0 fnt\n|faint|p1b: Gholdengo\n|move|p1a: Flutter Mane|Dazzling Gleam|p2a: Kingambit|[spread] p2a,p2b\n|-resisted|p2b: Arcanine\n|-damage|p2a: Kingambit|57\/100 brn\n|-damage|p2b: Arcanine|84\/100\n|move|p2b: Arcanine|Flare Blitz|p1a: Flutter Mane\n|-enditem|p1a: Flutter Mane|Focus Sash\n|-damage|p1a: Flutter Mane|1\/100\n|-damage|p2b: Arcanine|60\/100|[from] Recoil\n|\n|-damage|p2a: Kingambit|51\/100 brn|[from] brn\n|-start|p1a: Flutter Mane|perish2\n|-start|p2b: Arcanine|perish2\n|-start|p2a: Kingambit|perish2\n|upkeep\n|-message|plusher forfeited.\n|\n|win|Jop slipped up\n|raw|plusher's rating: 1000 → 1000<\/strong> (+0 for losing)\n|raw|Jop slipped up's rating: 1042 → 1072<\/strong> (+30 for winning)\n|l|\u2606plusher\n","uploadtime":1682208175,"views":2,"p1id":"plusher","p2id":"jopslippedup","formatid":"gen9vgc2023regulationc","rating":1000,"private":0,"password":""}