{"id":"gen9vgc2023regulationc-1856848235","p1":"PixelDupe1","p2":"3g only","format":"[Gen 9] VGC 2023 Regulation C","log":"|j|\u2606PixelDupe1\n|j|\u26063g only\n|t:|1683119033\n|gametype|doubles\n|player|p1|PixelDupe1|palmer|1425\n|player|p2|3g only|juan|1479\n|teamsize|p1|6\n|teamsize|p2|6\n|gen|9\n|tier|[Gen 9] VGC 2023 Regulation C\n|rated|\n|rule|Species Clause: Limit one of each Pok\u00e9mon\n|rule|Item Clause: Limit one of each item\n|clearpoke\n|poke|p1|Lilligant, L50, F|\n|poke|p1|Torkoal, L50, M|\n|poke|p1|Flutter Mane, L50|\n|poke|p1|Great Tusk, L50|\n|poke|p1|Chi-Yu, L50|\n|poke|p1|Murkrow, L50, M|\n|poke|p2|Murkrow, L50, F|\n|poke|p2|Chi-Yu, L50|\n|poke|p2|Flutter Mane, L50|\n|poke|p2|Great Tusk, L50|\n|poke|p2|Brute Bonnet, L50|\n|poke|p2|Corviknight, L50, F|\n|teampreview|4\nPixelDupe1 has agreed to open team sheets.\n|inactive|Battle timer is ON: inactive players will automatically lose when time's up. (requested by 3g only)\n|\n|t:|1683119073\n|start\n|switch|p1a: Malenia|Lilligant, L50, F|100\/100\n|switch|p1b: Shabriri|Torkoal, L50, M|100\/100\n|switch|p2a: Murkrow|Murkrow, L50, F, shiny|100\/100\n|switch|p2b: Great Tusk|Great Tusk, L50|100\/100\n|-weather|SunnyDay|[from] ability: Drought|[of] p1b: Shabriri\n|-activate|p2b: Great Tusk|ability: Protosynthesis\n|-start|p2b: Great Tusk|protosynthesisatk\n|turn|1\n|\n|t:|1683119088\n|-terastallize|p1b: Shabriri|Fire\n|move|p2a: Murkrow|Tailwind|p2a: Murkrow\n|-sidestart|p2: 3g only|move: Tailwind\n|move|p2b: Great Tusk|Earthquake|p1b: Shabriri|[spread] p1a,p1b\n|-immune|p2a: Murkrow\n|-resisted|p1a: Malenia\n|-supereffective|p1b: Shabriri\n|-crit|p1b: Shabriri\n|-damage|p1a: Malenia|68\/100\n|-damage|p1b: Shabriri|0 fnt\n|faint|p1b: Shabriri\n|move|p1a: Malenia|After You|p1: Shabriri|[notarget]\n|-fail|p1a: Malenia\n|\n|-weather|SunnyDay|[upkeep]\n|upkeep\n|\n|t:|1683119102\n|switch|p1b: Mohg|Chi-Yu, L50|100\/100\n|-ability|p1b: Mohg|Beads of Ruin\n|turn|2\n|\n|t:|1683119116\n|move|p1a: Malenia|Protect|p1a: Malenia\n|-singleturn|p1a: Malenia|Protect\n|move|p2b: Great Tusk|Earthquake|p1b: Mohg|[spread] p1b\n|-activate|p1a: Malenia|move: Protect\n|-immune|p2a: Murkrow\n|-supereffective|p1b: Mohg\n|-damage|p1b: Mohg|0 fnt\n|faint|p1b: Mohg\n|move|p2a: Murkrow|Foul Play|p1a: Malenia\n|-activate|p1a: Malenia|move: Protect\n|\n|-weather|SunnyDay|[upkeep]\n|upkeep\n|-message|PixelDupe1 forfeited.\n|\n|win|3g only\n|raw|PixelDupe1's rating: 1425 → 1408<\/strong> (-17 for losing)\n|raw|3g only's rating: 1479 → 1496<\/strong> (+17 for winning)\n|l|\u2606PixelDupe1\n|l|\u26063g only\n|j|\u2606PixelDupe1\n|player|p1|PixelDupe1|palmer\n","uploadtime":1683119342,"views":7,"p1id":"pixeldupe1","p2id":"3gonly","formatid":"gen9vgc2023regulationc","rating":1408,"private":0,"password":""}