{"id":"gen9vgc2023regulationc-1849993939","p1":"Hyanryu","p2":"kamusito98","format":"[Gen 9] VGC 2023 Regulation C","log":"|j|\u2606Hyanryu\n|j|\u2606kamusito98\n|t:|1682275985\n|gametype|doubles\n|player|p1|Hyanryu|n|1429\n|player|p2|kamusito98|hugh|1333\n|teamsize|p1|6\n|teamsize|p2|6\n|gen|9\n|tier|[Gen 9] VGC 2023 Regulation C\n|rated|\n|rule|Species Clause: Limit one of each Pok\u00e9mon\n|rule|Item Clause: Limit one of each item\n|clearpoke\n|poke|p1|Tyranitar, L50, M|\n|poke|p1|Lycanroc, L50, F|\n|poke|p1|Amoonguss, L50, M|\n|poke|p1|Kingambit, L50, M|\n|poke|p1|Palafin, L50, F|\n|poke|p1|Ting-Lu, L50|\n|poke|p2|Palafin, L50, F|\n|poke|p2|Amoonguss, L50, F|\n|poke|p2|Arcanine, L50, M|\n|poke|p2|Baxcalibur, L50, F|\n|poke|p2|Abomasnow, L50, M|\n|poke|p2|Iron Bundle, L50|\n|teampreview|4\n|\n|t:|1682276008\n|start\n|switch|p1a: Isshin|Kingambit, L50, M|100\/100\n|switch|p1b: Roxie|Lycanroc, L50, F, shiny|100\/100\n|switch|p2a: Palafin|Palafin, L50, F, shiny|100\/100\n|switch|p2b: \u30a6\u30a4\u30f3\u30c7\u30a3|Arcanine, L50, M|100\/100\n|-ability|p2b: \u30a6\u30a4\u30f3\u30c7\u30a3|Intimidate|boost\n|-unboost|p1a: Isshin|atk|1\n|-ability|p1a: Isshin|Defiant|boost\n|-boost|p1a: Isshin|atk|2\n|-unboost|p1b: Roxie|atk|1\n|turn|1\n|\n|t:|1682276035\n|switch|p1b: Sus|Amoonguss, L50, M|100\/100\n|detailschange|p2a: Palafin|Palafin-Hero, L50, F, shiny\n|switch|p2a: Amoonguss|Amoonguss, L50, F, shiny|100\/100\n|-terastallize|p1a: Isshin|Dark\n|move|p2b: \u30a6\u30a4\u30f3\u30c7\u30a3|Will-O-Wisp|p1a: Isshin|[miss]\n|-miss|p2b: \u30a6\u30a4\u30f3\u30c7\u30a3|p1a: Isshin\n|move|p1a: Isshin|Kowtow Cleave|p2b: \u30a6\u30a4\u30f3\u30c7\u30a3\n|-damage|p2b: \u30a6\u30a4\u30f3\u30c7\u30a3|0 fnt\n|faint|p2b: \u30a6\u30a4\u30f3\u30c7\u30a3\n|\n|upkeep\n|-message|kamusito98 forfeited.\n|\n|win|Hyanryu\n|raw|Hyanryu's rating: 1429 → 1444<\/strong> (+15 for winning)\n|raw|kamusito98's rating: 1333 → 1318<\/strong> (-15 for losing)\n|l|\u2606kamusito98\n","uploadtime":1682276053,"views":9,"p1id":"hyanryu","p2id":"kamusito98","formatid":"gen9vgc2023regulationc","rating":1318,"private":0,"password":""}