{"id":"gen9vgc2023regulationc-1851741675","p1":"ironchangotest","p2":"13dobe","format":"[Gen 9] VGC 2023 Regulation C","log":"|j|\u2606ironchangotest\n|j|\u260613dobe\n|t:|1682476786\n|gametype|doubles\n|player|p1|ironchangotest|misty|1234\n|player|p2|13dobe|101|1164\n|teamsize|p1|6\n|teamsize|p2|6\n|gen|9\n|tier|[Gen 9] VGC 2023 Regulation C\n|rated|\n|rule|Species Clause: Limit one of each Pok\u00e9mon\n|rule|Item Clause: Limit one of each item\n|clearpoke\n|poke|p1|Lumineon, L50, F|\n|poke|p1|Flutter Mane, L50|\n|poke|p1|Gholdengo, L50|\n|poke|p1|Great Tusk, L50|\n|poke|p1|Chi-Yu, L50|\n|poke|p1|Talonflame, L50, F|\n|poke|p2|Azumarill, L50, M|\n|poke|p2|Maushold, L50|\n|poke|p2|Leafeon, L50, F|\n|poke|p2|Pelipper, L50, F|\n|poke|p2|Barraskewda, L50, M|\n|poke|p2|Iron Treads, L50|\n|teampreview|4\n|inactive|Battle timer is ON: inactive players will automatically lose when time's up. (requested by ironchangotest)\n|\n|t:|1682476812\n|start\n|switch|p1a: Lumineon|Lumineon, L50, F|100\/100\n|switch|p1b: Chi-Yu|Chi-Yu, L50|100\/100\n|switch|p2a: Pelipper|Pelipper, L50, F|100\/100\n|switch|p2b: Barraskewda|Barraskewda, L50, M|100\/100\n|-ability|p1b: Chi-Yu|Beads of Ruin\n|-weather|RainDance|[from] ability: Drizzle|[of] p2a: Pelipper\n|turn|1\n|\n|t:|1682476831\n|move|p2b: Barraskewda|Liquidation|p1a: Lumineon\n|-activate|p1a: Lumineon|ability: Storm Drain\n|-ability|p1a: Lumineon|Storm Drain|boost\n|-boost|p1a: Lumineon|spa|1\n|move|p1b: Chi-Yu|Nasty Plot|p1b: Chi-Yu\n|-boost|p1b: Chi-Yu|spa|2\n|move|p1a: Lumineon|Tailwind|p1a: Lumineon\n|-sidestart|p1: ironchangotest|move: Tailwind\n|move|p2a: Pelipper|Hurricane|p1a: Lumineon\n|-damage|p1a: Lumineon|13\/100\n|\n|-weather|RainDance|[upkeep]\n|upkeep\n|turn|2\n|c|\u260613dobe|that makes zero sense\n|inactive|ironchangotest has 30 seconds left.\n|inactive|ironchangotest has 20 seconds left.\n|\n|t:|1682476869\n|switch|p2b: Leafeon|Leafeon, L50, F|100\/100\n|move|p1b: Chi-Yu|Dark Pulse|p2b: Leafeon\n|-damage|p2b: Leafeon|0 fnt\n|faint|p2b: Leafeon\n|move|p1a: Lumineon|Icy Wind|p2a: Pelipper\n|-damage|p2a: Pelipper|70\/100\n|-unboost|p2a: Pelipper|spe|1\n|move|p2a: Pelipper|Hurricane|p1a: Lumineon\n|-damage|p1a: Lumineon|0 fnt\n|faint|p1a: Lumineon\n|\n|-weather|RainDance|[upkeep]\n|upkeep\n|\n|t:|1682476890\n|switch|p1a: Gholdengo|Gholdengo, L50|100\/100\n|switch|p2b: Barraskewda|Barraskewda, L50, M|100\/100\n|turn|3\n|inactive|ironchangotest has 30 seconds left.\n|inactive|ironchangotest has 20 seconds left.\n|\n|t:|1682476928\n|switch|p2a: Iron Treads|Iron Treads, L50|100\/100\n|-enditem|p2a: Iron Treads|Booster Energy\n|-activate|p2a: Iron Treads|ability: Quark Drive|[fromitem]\n|-start|p2a: Iron Treads|quarkdrivespe\n|-terastallize|p1a: Gholdengo|Steel\n|move|p1b: Chi-Yu|Protect|p1b: Chi-Yu\n|-singleturn|p1b: Chi-Yu|Protect\n|move|p2b: Barraskewda|Liquidation|p1a: Gholdengo\n|-damage|p1a: Gholdengo|5\/100\n|-unboost|p1a: Gholdengo|def|1\n|move|p1a: Gholdengo|Make It Rain|p2a: Iron Treads|[spread] p2a,p2b\n|-resisted|p2a: Iron Treads\n|-resisted|p2b: Barraskewda\n|-crit|p2b: Barraskewda\n|-damage|p2a: Iron Treads|0 fnt\n|-damage|p2b: Barraskewda|0 fnt\n|-unboost|p1a: Gholdengo|spa|1\n|faint|p2a: Iron Treads\n|-end|p2a: Iron Treads|Quark Drive|[silent]\n|faint|p2b: Barraskewda\n|\n|-weather|RainDance|[upkeep]\n|upkeep\n|c|\u2606ironchangotest|take a nap\n|c|\u260613dobe|wow\n|c|\u260613dobe|how lucky is that\n|inactive|13dobe has 30 seconds left.\n|c|\u260613dobe|read like a book and got a low roll\n|\n|t:|1682476962\n|switch|p2b: Pelipper|Pelipper, L50, F|70\/100\n|turn|4\n|c|\u2606ironchangotest|lol it\u2019s called investing in HP\n|c|\u260613dobe|its a roll..\n|c|\u2606ironchangotest|i have 6%\n|c|\u2606ironchangotest|u weren\u2019t close\n|inactive|13dobe has 30 seconds left.\n|c|\u2606ironchangotest|good try buddy\n|inactive|13dobe has 20 seconds left.\n|inactive|13dobe has 15 seconds left.\n|inactive|13dobe has 10 seconds left.\n|c|\u2606ironchangotest|go be bad somewhere else\n|inactive|13dobe has 5 seconds left.\n|\n|t:|1682477017\n|move|p1b: Chi-Yu|Dark Pulse|p2b: Pelipper\n|-damage|p2b: Pelipper|0 fnt\n|faint|p2b: Pelipper\n|\n|win|ironchangotest\n|raw|ironchangotest's rating: 1234 → 1254<\/strong> (+20 for winning)\n|raw|13dobe's rating: 1164 → 1144<\/strong> (-20 for losing)\n|c|\u260613dobe|yeah it had a 50% chacnce to ohko\n|c|\u260613dobe|might want to leran how rolls work\n|c|\u2606ironchangotest|might wanna get better\n|c|\u2606ironchangotest|might wanna play yugioh instead\n|c|\u260613dobe|play vs my real team?\n|c|\u2606ironchangotest|play me with my eyes open\n|c|\u2606ironchangotest|i let my 6 year old sister play\n|c|\u2606ironchangotest|she was just pushing random moves\n","uploadtime":1682477089,"views":10,"p1id":"ironchangotest","p2id":"13dobe","formatid":"gen9vgc2023regulationc","rating":1144,"private":0,"password":""}