{"id":"gen9vgc2023regulationc-1857979291","p1":"Ugarte Joseph","p2":"NickNoName","format":"[Gen 9] VGC 2023 Regulation C","log":"|j|\u2606Ugarte Joseph\n|j|\u2606NickNoName\n|t:|1683255161\n|gametype|doubles\n|player|p1|Ugarte Joseph|hugh|1166\n|player|p2|NickNoName|2|1261\n|teamsize|p1|6\n|teamsize|p2|6\n|gen|9\n|tier|[Gen 9] VGC 2023 Regulation C\n|rated|\n|rule|Species Clause: Limit one of each Pok\u00e9mon\n|rule|Item Clause: Limit one of each item\n|clearpoke\n|poke|p1|Dondozo, L50, M|\n|poke|p1|Tatsugiri-Stretchy, L50, M|\n|poke|p1|Ting-Lu, L50|\n|poke|p1|Mimikyu, L50, F|\n|poke|p1|Orthworm, L50, F|\n|poke|p1|Dragonite, L50, F|\n|poke|p2|Toedscruel, L50, F|\n|poke|p2|Flutter Mane, L50|\n|poke|p2|Chien-Pao, L50|\n|poke|p2|Espathra, L50, M|\n|poke|p2|Chi-Yu, L50|\n|poke|p2|Dragonite, L50, M|\n|teampreview|4\n|inactive|Battle timer is ON: inactive players will automatically lose when time's up. (requested by Ugarte Joseph)\n|inactive|Ugarte Joseph has 60 seconds left.\n|\n|t:|1683255206\n|start\n|switch|p1a: Ting-Lu|Ting-Lu, L50|100\/100\n|switch|p1b: Orthworm|Orthworm, L50, F, shiny|100\/100\n|switch|p2a: Toedscruel|Toedscruel, L50, F|100\/100\n|switch|p2b: Espathra|Espathra, L50, M|100\/100\n|-ability|p1a: Ting-Lu|Vessel of Ruin\n|turn|1\n|inactive|Ugarte Joseph has 30 seconds left.\n|inactive|Ugarte Joseph has 20 seconds left.\n|\n|t:|1683255242\n|move|p2b: Espathra|Skill Swap|p2a: Toedscruel\n|-activate|p2b: Espathra|move: Skill Swap|||[of] p2a: Toedscruel\n|move|p1a: Ting-Lu|Earthquake|p2a: Toedscruel|[spread] p2a,p2b\n|-immune|p1b: Orthworm|[from] ability: Earth Eater\n|-resisted|p2a: Toedscruel\n|-damage|p2a: Toedscruel|86\/100\n|-damage|p2b: Espathra|48\/100\n|move|p1b: Orthworm|Shed Tail|p1b: Orthworm\n|-start|p1b: Orthworm|Substitute|[from] move: Shed Tail\n|-damage|p1b: Orthworm|50\/100\n|-enditem|p1b: Orthworm|Sitrus Berry|[eat]\n|-heal|p1b: Orthworm|75\/100|[from] item: Sitrus Berry\n|\n|t:|1683255257\n|switch|p1b: Mimikyu|Mimikyu, L50, F, shiny|100\/100|[from] Shed Tail\n|move|p2a: Toedscruel|Spore|p1b: Mimikyu\n|-activate|p1b: Mimikyu|item: Safety Goggles|Spore\n|\n|-ability|p2a: Toedscruel|Speed Boost|boost\n|-boost|p2a: Toedscruel|spe|1\n|upkeep\n|turn|2\n|inactive|Ugarte Joseph has 30 seconds left.\n|inactive|Ugarte Joseph has 20 seconds left.\n|inactive|Ugarte Joseph has 15 seconds left.\n|\n|t:|1683255299\n|move|p2a: Toedscruel|Spore|p1a: Ting-Lu\n|-status|p1a: Ting-Lu|slp|[from] move: Spore\n|move|p2b: Espathra|Lumina Crash|p1b: Mimikyu\n|-activate|p1b: Mimikyu|move: Substitute|[damage]\n|move|p1b: Mimikyu|Swords Dance|p1b: Mimikyu\n|-boost|p1b: Mimikyu|atk|2\n|cant|p1a: Ting-Lu|slp\n|\n|-ability|p2a: Toedscruel|Speed Boost|boost\n|-boost|p2a: Toedscruel|spe|1\n|upkeep\n|turn|3\n|inactive|Ugarte Joseph has 30 seconds left.\n|inactive|NickNoName has 30 seconds left.\n|inactive|NickNoName has 20 seconds left.\n|inactive|NickNoName has 15 seconds left.\n|inactive|NickNoName has 10 seconds left.\n|inactive|NickNoName has 5 seconds left.\n|\n|t:|1683255354\n|move|p1b: Mimikyu|Shadow Sneak|p2b: Espathra\n|-supereffective|p2b: Espathra\n|-damage|p2b: Espathra|0 fnt\n|faint|p2b: Espathra\n|move|p2a: Toedscruel|Spore|p1a: Ting-Lu\n|-fail|p1a: Ting-Lu|slp\n|cant|p1a: Ting-Lu|slp\n|\n|-ability|p2a: Toedscruel|Speed Boost|boost\n|-boost|p2a: Toedscruel|spe|1\n|upkeep\n|inactive|NickNoName has 30 seconds left.\n|inactive|NickNoName has 20 seconds left.\n|inactive|NickNoName has 15 seconds left.\n|inactive|NickNoName has 10 seconds left.\n|inactive|NickNoName has 5 seconds left.\n|\n|t:|1683255409\n|switch|p2b: Flutter Mane|Flutter Mane, L50, shiny|100\/100\n|-enditem|p2b: Flutter Mane|Booster Energy\n|-activate|p2b: Flutter Mane|ability: Protosynthesis|[fromitem]\n|-start|p2b: Flutter Mane|protosynthesisspe\n|turn|4\n|inactive|NickNoName has 30 seconds left.\n|inactive|Ugarte Joseph has 30 seconds left.\n|inactive|NickNoName has 20 seconds left.\n|inactive|NickNoName has 15 seconds left.\n|inactive|NickNoName has 10 seconds left.\n|inactive|NickNoName has 5 seconds left.\n|\n|t:|1683255464\n|move|p1b: Mimikyu|Shadow Sneak|p2b: Flutter Mane\n|-supereffective|p2b: Flutter Mane\n|-damage|p2b: Flutter Mane|0 fnt\n|faint|p2b: Flutter Mane\n|-end|p2b: Flutter Mane|Protosynthesis|[silent]\n|move|p2a: Toedscruel|Spore|p1b: Mimikyu\n|-activate|p1b: Mimikyu|item: Safety Goggles|Spore\n|cant|p1a: Ting-Lu|slp\n|\n|-ability|p2a: Toedscruel|Speed Boost|boost\n|-boost|p2a: Toedscruel|spe|1\n|upkeep\n|inactive|NickNoName has 30 seconds left.\n|inactive|NickNoName has 20 seconds left.\n|inactive|NickNoName has 15 seconds left.\n|inactive|NickNoName has 10 seconds left.\n|inactive|NickNoName has 5 seconds left.\n|\n|t:|1683255519\n|switch|p2b: Chi-Yu|Chi-Yu, L50|100\/100\n|-ability|p2b: Chi-Yu|Beads of Ruin\n|turn|5\n|inactive|NickNoName has 30 seconds left.\n|inactive|NickNoName has 20 seconds left.\n|inactive|NickNoName has 15 seconds left.\n|inactive|NickNoName has 10 seconds left.\n|inactive|NickNoName has 5 seconds left.\n|\n|t:|1683255574\n|move|p2a: Toedscruel|Spore|p1a: Ting-Lu\n|-fail|p1a: Ting-Lu|slp\n|move|p2b: Chi-Yu|Dark Pulse|p1b: Mimikyu\n|-end|p1b: Mimikyu|Substitute\n|move|p1b: Mimikyu|Swords Dance|p1b: Mimikyu\n|-boost|p1b: Mimikyu|atk|2\n|-curestatus|p1a: Ting-Lu|slp|[msg]\n|move|p1a: Ting-Lu|Stomping Tantrum|p2b: Chi-Yu\n|-supereffective|p2b: Chi-Yu\n|-damage|p2b: Chi-Yu|0 fnt\n|faint|p2b: Chi-Yu\n|\n|-ability|p2a: Toedscruel|Speed Boost|boost\n|-boost|p2a: Toedscruel|spe|1\n|upkeep\n|turn|6\n|l|\u2606NickNoName\n|inactive|NickNoName disconnected and has a minute to reconnect!\n|player|p2|\n|inactive|NickNoName has 30 seconds left.\n|inactive|NickNoName has 20 seconds left.\n|inactive|NickNoName has 15 seconds left.\n|inactive|NickNoName has 10 seconds left.\n|inactive|NickNoName has 5 seconds left.\n|-message|NickNoName lost due to inactivity.\n|\n|win|Ugarte Joseph\n|raw|Ugarte Joseph's rating: 1166 → 1198<\/strong> (+32 for winning)\n|raw|NickNoName's rating: 1261 → 1229<\/strong> (-32 for losing)\n","uploadtime":1683255636,"views":16,"p1id":"ugartejoseph","p2id":"nicknoname","formatid":"gen9vgc2023regulationc","rating":1198,"private":0,"password":""}