{"id":"gen9vgc2023regulationc-1860461964","p1":"Lividsquid","p2":"bigkarpfan8001","format":"[Gen 9] VGC 2023 Regulation C","log":"|j|\u2606Lividsquid\n|j|\u2606bigkarpfan8001\n|t:|1683646296\n|gametype|doubles\n|player|p1|Lividsquid|bellepa|1064\n|player|p2|bigkarpfan8001|fisherman-gen4|1090\n|teamsize|p1|6\n|teamsize|p2|6\n|gen|9\n|tier|[Gen 9] VGC 2023 Regulation C\n|rated|\n|rule|Species Clause: Limit one of each Pok\u00e9mon\n|rule|Item Clause: Limit one of each item\n|clearpoke\n|poke|p1|Mabosstiff, L50, M|\n|poke|p1|Iron Bundle, L50|\n|poke|p1|Abomasnow, L50, F|\n|poke|p1|Indeedee-F, L50, F|\n|poke|p1|Armarouge, L50, M|\n|poke|p1|Hawlucha, L50, M|\n|poke|p2|Torkoal, L50, M|\n|poke|p2|Jumpluff, L50, M|\n|poke|p2|Great Tusk, L50|\n|poke|p2|Flutter Mane, L50|\n|poke|p2|Slither Wing, L50|\n|poke|p2|Chien-Pao, L50|\n|teampreview|4\n|\n|t:|1683646335\n|start\n|switch|p1a: Indeedee|Indeedee-F, L50, F|100\/100\n|switch|p1b: Hawlucha|Hawlucha, L50, M|100\/100\n|switch|p2a: Jumpluff|Jumpluff, L50, M|100\/100\n|switch|p2b: Torkoal|Torkoal, L50, M|100\/100\n|-fieldstart|move: Psychic Terrain|[from] ability: Psychic Surge|[of] p1a: Indeedee\n|-enditem|p1b: Hawlucha|Psychic Seed\n|-boost|p1b: Hawlucha|spd|1|[from] item: Psychic Seed\n|-weather|SunnyDay|[from] ability: Drought|[of] p2b: Torkoal\n|turn|1\n|\n|t:|1683646354\n|switch|p1a: Abomasnow|Abomasnow, L50, F|100\/100\n|-weather|Snow|[from] ability: Snow Warning|[of] p1a: Abomasnow\n|move|p2a: Jumpluff|Sleep Powder|p1b: Hawlucha\n|-status|p1b: Hawlucha|slp|[from] move: Sleep Powder\n|cant|p1b: Hawlucha|slp\n|move|p2b: Torkoal|Fissure|p1a: Abomasnow\n|-damage|p1a: Abomasnow|0 fnt\n|faint|p1a: Abomasnow\n|-ohko\n|\n|-weather|Snow|[upkeep]\n|upkeep\n|-message|Lividsquid forfeited.\n|\n|win|bigkarpfan8001\n|raw|Lividsquid's rating: 1064 → 1046<\/strong> (-18 for losing)\n|raw|bigkarpfan8001's rating: 1090 → 1115<\/strong> (+25 for winning)\n|l|\u2606Lividsquid\n","uploadtime":1683646373,"views":11,"p1id":"lividsquid","p2id":"bigkarpfan8001","formatid":"gen9vgc2023regulationc","rating":1046,"private":0,"password":""}