{"id":"gen9vgc2023regulationc-1856407760","p1":"Lizardon0311","p2":"jopergt","format":"[Gen 9] VGC 2023 Regulation C","log":"|j|\u2606Lizardon0311\n|j|\u2606jopergt\n|t:|1683058514\n|gametype|doubles\n|player|p1|Lizardon0311|101|1090\n|player|p2|jopergt|giovanni|1129\n|teamsize|p1|6\n|teamsize|p2|6\n|gen|9\n|tier|[Gen 9] VGC 2023 Regulation C\n|rated|\n|rule|Species Clause: Limit one of each Pok\u00e9mon\n|rule|Item Clause: Limit one of each item\n|clearpoke\n|poke|p1|Ting-Lu, L50|\n|poke|p1|Flutter Mane, L50|\n|poke|p1|Ceruledge, L50, M|\n|poke|p1|Palafin, L50, F|\n|poke|p1|Amoonguss, L50, M|\n|poke|p1|Iron Hands, L50|\n|poke|p2|Farigiraf, L50, F|\n|poke|p2|Arcanine, L50, M|\n|poke|p2|Iron Hands, L50|\n|poke|p2|Amoonguss, L50, M|\n|poke|p2|Scizor, L50, M|\n|poke|p2|Annihilape, L50, F|\n|teampreview|4\n|inactive|Battle timer is ON: inactive players will automatically lose when time's up. (requested by Lizardon0311)\njopergt rejected open team sheets.\n|inactive|Lizardon0311 has 60 seconds left.\n|\n|t:|1683058553\n|start\n|switch|p1a: Ceruledge|Ceruledge, L50, M, shiny|100\/100\n|switch|p1b: Amoonguss|Amoonguss, L50, M, shiny|100\/100\n|switch|p2a: Farigiraf|Farigiraf, L50, F, shiny|100\/100\n|switch|p2b: Scizor|Scizor, L50, M, shiny|100\/100\n|turn|1\n|inactive|Lizardon0311 has 30 seconds left.\n|\n|t:|1683058587\n|move|p2b: Scizor|Protect|p2b: Scizor\n|-singleturn|p2b: Scizor|Protect\n|move|p1a: Ceruledge|Bulk Up|p1a: Ceruledge\n|-boost|p1a: Ceruledge|atk|1\n|-boost|p1a: Ceruledge|def|1\n|move|p1b: Amoonguss|Spore|p2a: Farigiraf\n|-status|p2a: Farigiraf|slp|[from] move: Spore\n|cant|p2a: Farigiraf|slp\n|\n|upkeep\n|turn|2\n|-message|jopergt forfeited.\n|\n|win|Lizardon0311\n|raw|Lizardon0311's rating: 1090 → 1119<\/strong> (+29 for winning)\n|raw|jopergt's rating: 1129 → 1101<\/strong> (-28 for losing)\n|l|\u2606jopergt\n","uploadtime":1683058608,"views":5,"p1id":"lizardon0311","p2id":"jopergt","formatid":"gen9vgc2023regulationc","rating":1101,"private":0,"password":""}