{"id":"gen9vgc2023regulationc-1857946621","p1":"Monachrome","p2":"MatRod","format":"[Gen 9] VGC 2023 Regulation C","log":"|j|\u2606Monachrome\n|j|\u2606MatRod\n|t:|1683250819\n|gametype|doubles\n|player|p1|Monachrome|ingo|1254\n|player|p2|MatRod|veteran|1304\n|teamsize|p1|6\n|teamsize|p2|6\n|gen|9\n|tier|[Gen 9] VGC 2023 Regulation C\n|rated|\n|rule|Species Clause: Limit one of each Pok\u00e9mon\n|rule|Item Clause: Limit one of each item\n|clearpoke\n|poke|p1|Raichu, L50, F|\n|poke|p1|Dondozo, L50, M|\n|poke|p1|Tatsugiri-Stretchy, L50, F|\n|poke|p1|Iron Bundle, L50|\n|poke|p1|Dragapult, L50, F|\n|poke|p1|Arcanine, L50, M|\n|poke|p2|Indeedee-F, L50, F|\n|poke|p2|Armarouge, L50, M|\n|poke|p2|Sandy Shocks, L50|\n|poke|p2|Flapple, L50, F|\n|poke|p2|Roaring Moon, L50|\n|poke|p2|Murkrow, L50, M|\n|teampreview|4\nMonachrome has agreed to open team sheets.\n|inactive|Battle timer is ON: inactive players will automatically lose when time's up. (requested by Monachrome)\n|\n|t:|1683250869\n|start\n|switch|p1a: Kowalski|Iron Bundle, L50|100\/100\n|switch|p1b: Whiscash evo|Dondozo, L50, M|100\/100\n|switch|p2a: Murkrow|Murkrow, L50, M|100\/100\n|switch|p2b: Roaring Moon|Roaring Moon, L50|100\/100\n|-enditem|p2b: Roaring Moon|Booster Energy\n|-activate|p2b: Roaring Moon|ability: Protosynthesis|[fromitem]\n|-start|p2b: Roaring Moon|protosynthesisatk\n|turn|1\n|\n|t:|1683250888\n|-terastallize|p1b: Whiscash evo|Fire\n|move|p2a: Murkrow|Tailwind|p2a: Murkrow\n|-sidestart|p2: MatRod|move: Tailwind\n|move|p2b: Roaring Moon|Rock Slide|p1a: Kowalski|[spread] p1a,p1b\n|-supereffective|p1a: Kowalski\n|-supereffective|p1b: Whiscash evo\n|-damage|p1a: Kowalski|23\/100\n|-damage|p1b: Whiscash evo|67\/100\n|-enditem|p1b: Whiscash evo|Weakness Policy\n|-boost|p1b: Whiscash evo|atk|2|[from] item: Weakness Policy\n|-boost|p1b: Whiscash evo|spa|2|[from] item: Weakness Policy\n|move|p1a: Kowalski|Flip Turn|p1b: Whiscash evo\n|-supereffective|p1b: Whiscash evo\n|-damage|p1b: Whiscash evo|46\/100\n|\n|t:|1683250897\n|-end|p1a: Kowalski|Quark Drive|[silent]\n|switch|p1a: Tamago|Tatsugiri-Stretchy, L50, F|100\/100|[from] Flip Turn\n|-activate|p1a: Tamago|ability: Commander|[of] p1b: Whiscash evo\n|-boost|p1b: Whiscash evo|atk|2\n|-boost|p1b: Whiscash evo|spa|2\n|-boost|p1b: Whiscash evo|spe|2\n|-boost|p1b: Whiscash evo|def|2\n|-boost|p1b: Whiscash evo|spd|2\n|cant|p1b: Whiscash evo|flinch\n|\n|upkeep\n|turn|2\n|c|\u2606MatRod|LOL\n|c|\u2606MatRod|ggs\n|inactive|MatRod has 30 seconds left.\n|\n|t:|1683250925\n|move|p2a: Murkrow|Haze|p2a: Murkrow\n|-clearallboost\n|move|p2b: Roaring Moon|Earthquake|p1a: Tamago|[spread] p1b\n|-miss|p2b: Roaring Moon|p1a: Tamago\n|-immune|p2a: Murkrow\n|-supereffective|p1b: Whiscash evo\n|-damage|p1b: Whiscash evo|0 fnt\n|faint|p1b: Whiscash evo\n|\n|upkeep\n|-message|Monachrome forfeited.\n|\n|win|MatRod\n|raw|Monachrome's rating: 1254 → 1233<\/strong> (-21 for losing)\n|raw|MatRod's rating: 1304 → 1321<\/strong> (+17 for winning)\n|l|\u2606Monachrome\n","uploadtime":1683250938,"views":13,"p1id":"monachrome","p2id":"matrod","formatid":"gen9vgc2023regulationc","rating":1233,"private":0,"password":""}