{"id":"gen9vgc2023regulationc-1846933137","p1":"Xepher008","p2":"pazzoscassato","format":"[Gen 9] VGC 2023 Regulation C","log":"|j|\u2606Xepher008\n|j|\u2606pazzoscassato\n|t:|1681902904\n|gametype|doubles\n|player|p1|Xepher008|2|1152\n|player|p2|pazzoscassato|biker|1083\n|teamsize|p1|6\n|teamsize|p2|6\n|gen|9\n|tier|[Gen 9] VGC 2023 Regulation C\n|rated|\n|rule|Species Clause: Limit one of each Pok\u00e9mon\n|rule|Item Clause: Limit one of each item\n|clearpoke\n|poke|p1|Flutter Mane, L50|\n|poke|p1|Gastrodon, L50, M|\n|poke|p1|Chi-Yu, L50|\n|poke|p1|Chien-Pao, L50|\n|poke|p1|Dragonite, L50, F|\n|poke|p1|Amoonguss, L50, M|\n|poke|p2|Arcanine, L50, F|\n|poke|p2|Annihilape, L50, M|\n|poke|p2|Maushold-Four, L50|\n|poke|p2|Chien-Pao, L50|\n|poke|p2|Palafin, L50, F|\n|poke|p2|Amoonguss, L50, M|\n|teampreview|4\n|\n|t:|1681902916\n|start\n|switch|p1a: Chi-Yu|Chi-Yu, L50|100\/100\n|switch|p1b: Flutter Mane|Flutter Mane, L50|100\/100\n|switch|p2a: Annihilape|Annihilape, L50, M, shiny|100\/100\n|switch|p2b: Palafin|Palafin, L50, F, shiny|100\/100\n|-ability|p1a: Chi-Yu|Beads of Ruin\n|turn|1\n|inactive|Battle timer is ON: inactive players will automatically lose when time's up. (requested by Xepher008)\n|\n|t:|1681902935\n|-terastallize|p1a: Chi-Yu|Ghost\n|move|p2b: Palafin|Jet Punch|p1a: Chi-Yu\n|-damage|p1a: Chi-Yu|54\/100\n|move|p1b: Flutter Mane|Dazzling Gleam|p2b: Palafin|[spread] p2a,p2b\n|-supereffective|p2a: Annihilape\n|-damage|p2a: Annihilape|0 fnt\n|-damage|p2b: Palafin|14\/100\n|faint|p2a: Annihilape\n|move|p1a: Chi-Yu|Heat Wave|p2b: Palafin\n|-resisted|p2b: Palafin\n|-damage|p2b: Palafin|0 fnt\n|faint|p2b: Palafin\n|\n|upkeep\n|-message|pazzoscassato forfeited.\n|\n|win|Xepher008\n|raw|Xepher008's rating: 1152 → 1172<\/strong> (+20 for winning)\n|raw|pazzoscassato's rating: 1083 → 1065<\/strong> (-18 for losing)\n|l|\u2606pazzoscassato\n","uploadtime":1681902953,"views":15,"p1id":"xepher008","p2id":"pazzoscassato","formatid":"gen9vgc2023regulationc","rating":1065,"private":0,"password":""}