{"id":"gen9vgc2023regulationc-1845056303","p1":"Emiya95","p2":"fonzee3000","format":"[Gen 9] VGC 2023 Regulation C","log":"|j|\u2606Emiya95\n|j|\u2606fonzee3000\n|t:|1681678574\n|gametype|doubles\n|player|p1|Emiya95|swimmerf|1179\n|player|p2|fonzee3000|brycenman|1206\n|teamsize|p1|6\n|teamsize|p2|6\n|gen|9\n|tier|[Gen 9] VGC 2023 Regulation C\n|rated|\n|rule|Species Clause: Limit one of each Pok\u00e9mon\n|rule|Item Clause: Limit one of each item\n|clearpoke\n|poke|p1|Palafin, L50, F|\n|poke|p1|Dragapult, L50, F|\n|poke|p1|Chien-Pao, L50|\n|poke|p1|Amoonguss, L50, F|\n|poke|p1|Arcanine, L50, M|\n|poke|p1|Flutter Mane, L50|\n|poke|p2|Farigiraf, L50, M|\n|poke|p2|Iron Hands, L50|\n|poke|p2|Flutter Mane, L50|\n|poke|p2|Dragonite, L50, F|\n|poke|p2|Torkoal, L50, M|\n|poke|p2|Chien-Pao, L50|\n|teampreview|4\n|inactive|Battle timer is ON: inactive players will automatically lose when time's up. (requested by fonzee3000)\n|inactive|fonzee3000 has 60 seconds left.\n|\n|t:|1681678619\n|start\n|switch|p1a: Palafin|Palafin, L50, F|100\/100\n|switch|p1b: Amoonguss|Amoonguss, L50, F|100\/100\n|switch|p2a: Farigiraf|Farigiraf, L50, M, shiny|100\/100\n|switch|p2b: Torkoal|Torkoal, L50, M, shiny|100\/100\n|-weather|SunnyDay|[from] ability: Drought|[of] p2b: Torkoal\n|turn|1\n|\n|t:|1681678641\n|detailschange|p1a: Palafin|Palafin-Hero, L50, F\n|switch|p1a: Arcanine|Arcanine, L50, M|100\/100\n|-ability|p1a: Arcanine|Intimidate|boost\n|-unboost|p2a: Farigiraf|atk|1\n|-unboost|p2b: Torkoal|atk|1\n|move|p2b: Torkoal|Protect|p2b: Torkoal\n|-singleturn|p2b: Torkoal|Protect\n|move|p1b: Amoonguss|Spore|p2a: Farigiraf\n|-status|p2a: Farigiraf|slp|[from] move: Spore\n|cant|p2a: Farigiraf|slp\n|\n|-weather|SunnyDay|[upkeep]\n|upkeep\n|turn|2\n|\n|t:|1681678659\n|switch|p1a: Palafin|Palafin-Hero, L50, F|100\/100\n|-activate|p1a: Palafin|ability: Zero to Hero\n|cant|p2a: Farigiraf|slp\n|move|p1b: Amoonguss|Spore|p2b: Torkoal\n|-status|p2b: Torkoal|slp|[from] move: Spore\n|cant|p2b: Torkoal|slp\n|\n|-weather|SunnyDay|[upkeep]\n|upkeep\n|turn|3\n|\n|t:|1681678674\n|switch|p1b: Chien-Pao|Chien-Pao, L50|100\/100\n|-ability|p1b: Chien-Pao|Sword of Ruin\n|move|p1a: Palafin|Wave Crash|p2b: Torkoal\n|-supereffective|p2b: Torkoal\n|-damage|p2b: Torkoal|11\/100 slp\n|-damage|p1a: Palafin|75\/100|[from] Recoil\n|-curestatus|p2b: Torkoal|slp|[msg]\n|move|p2b: Torkoal|Heat Wave|p1b: Chien-Pao|[spread] p1a,p1b\n|-resisted|p1a: Palafin\n|-supereffective|p1b: Chien-Pao\n|-damage|p1a: Palafin|49\/100\n|-enditem|p1b: Chien-Pao|Focus Sash\n|-damage|p1b: Chien-Pao|1\/100\n|-curestatus|p2a: Farigiraf|slp|[msg]\n|move|p2a: Farigiraf|Trick Room|p2a: Farigiraf\n|-fieldstart|move: Trick Room|[of] p2a: Farigiraf\n|\n|-weather|SunnyDay|[upkeep]\n|upkeep\n|turn|4\n|\n|t:|1681678697\n|move|p1a: Palafin|Jet Punch||[still]\n|cant|p2a: Farigiraf|ability: Armor Tail|Jet Punch|[of] p1a: Palafin\n|move|p1b: Chien-Pao|Sucker Punch||[still]\n|cant|p2a: Farigiraf|ability: Armor Tail|Sucker Punch|[of] p1b: Chien-Pao\n|move|p2b: Torkoal|Heat Wave|p1a: Palafin|[spread] p1a,p1b\n|-resisted|p1a: Palafin\n|-supereffective|p1b: Chien-Pao\n|-damage|p1a: Palafin|24\/100\n|-damage|p1b: Chien-Pao|0 fnt\n|faint|p1b: Chien-Pao\n|move|p2a: Farigiraf|Hyper Voice|p1a: Palafin\n|-damage|p1a: Palafin|0 fnt\n|faint|p1a: Palafin\n|\n|-weather|SunnyDay|[upkeep]\n|upkeep\n|-message|Emiya95 forfeited.\n|\n|win|fonzee3000\n|raw|Emiya95's rating: 1179 → 1156<\/strong> (-23 for losing)\n|raw|fonzee3000's rating: 1206 → 1229<\/strong> (+23 for winning)\n|l|\u2606Emiya95\n","uploadtime":1681678749,"views":20,"p1id":"emiya95","p2id":"fonzee3000","formatid":"gen9vgc2023regulationc","rating":1156,"private":0,"password":""}