{"id":"gen9vgc2023regulationc-1852743111","p1":"War Jesus","p2":"DarkTerrah","format":"[Gen 9] VGC 2023 Regulation C","log":"|j|\u2606War Jesus\n|j|\u2606DarkTerrah\n|t:|1682602348\n|gametype|doubles\n|player|p1|War Jesus|wattson|1157\n|player|p2|DarkTerrah|102|1088\n|teamsize|p1|6\n|teamsize|p2|6\n|gen|9\n|tier|[Gen 9] VGC 2023 Regulation C\n|rated|\n|rule|Species Clause: Limit one of each Pok\u00e9mon\n|rule|Item Clause: Limit one of each item\n|clearpoke\n|poke|p1|Wo-Chien, L50|\n|poke|p1|Dondozo, L50, M|\n|poke|p1|Glimmora, L50, M|\n|poke|p1|Tatsugiri, L50, F|\n|poke|p1|Annihilape, L50, F|\n|poke|p1|Maushold, L50|\n|poke|p2|Great Tusk, L50|\n|poke|p2|Jumpluff, L50, M|\n|poke|p2|Mimikyu, L50, F|\n|poke|p2|Tauros-Paldea-Blaze, L50, M|\n|poke|p2|Sableye, L50, F|\n|poke|p2|Flutter Mane, L50|\n|teampreview|4\n|\n|t:|1682602396\n|start\n|switch|p1a: Tatsugiri|Tatsugiri, L50, F|100\/100\n|switch|p1b: Annihilape|Annihilape, L50, F|100\/100\n|switch|p2a: Great Tusk|Great Tusk, L50|100\/100\n|switch|p2b: Jumpluff|Jumpluff, L50, M|100\/100\n|turn|1\n|\n|t:|1682602429\n|-terastallize|p2a: Great Tusk|Steel\n|move|p1a: Tatsugiri|Icy Wind|p2a: Great Tusk|[spread] p2a,p2b\n|-resisted|p2a: Great Tusk\n|-supereffective|p2b: Jumpluff\n|-damage|p2a: Great Tusk|95\/100\n|-damage|p2b: Jumpluff|43\/100\n|-unboost|p2a: Great Tusk|spe|1\n|move|p2b: Jumpluff|Tailwind|p2b: Jumpluff\n|-sidestart|p2: DarkTerrah|move: Tailwind\n|move|p2a: Great Tusk|Close Combat|p1a: Tatsugiri\n|-damage|p1a: Tatsugiri|0 fnt\n|-unboost|p2a: Great Tusk|def|1\n|-unboost|p2a: Great Tusk|spd|1\n|faint|p1a: Tatsugiri\n|move|p1b: Annihilape|Bulk Up|p1b: Annihilape\n|-boost|p1b: Annihilape|atk|1\n|-boost|p1b: Annihilape|def|1\n|\n|upkeep\n|\n|t:|1682602448\n|switch|p1a: Dondozo|Dondozo, L50, M|100\/100\n|turn|2\n|\n|t:|1682602469\n|move|p2b: Jumpluff|Encore|p1b: Annihilape\n|-start|p1b: Annihilape|Encore\n|move|p2a: Great Tusk|Close Combat|p1a: Dondozo\n|-damage|p1a: Dondozo|67\/100\n|-unboost|p2a: Great Tusk|def|1\n|-unboost|p2a: Great Tusk|spd|1\n|move|p1b: Annihilape|Bulk Up|p1b: Annihilape\n|-boost|p1b: Annihilape|atk|1\n|-boost|p1b: Annihilape|def|1\n|move|p1a: Dondozo|Substitute|p1a: Dondozo\n|-start|p1a: Dondozo|Substitute\n|-damage|p1a: Dondozo|43\/100\n|\n|-heal|p1a: Dondozo|49\/100|[from] item: Leftovers\n|upkeep\n|turn|3\n|\n|t:|1682602489\n|move|p2b: Jumpluff|Encore|p1a: Dondozo\n|-start|p1a: Dondozo|Encore\n|move|p2a: Great Tusk|Close Combat|p1a: Dondozo\n|-end|p1a: Dondozo|Substitute\n|-unboost|p2a: Great Tusk|def|1\n|-unboost|p2a: Great Tusk|spd|1\n|move|p1b: Annihilape|Bulk Up|p1b: Annihilape\n|-boost|p1b: Annihilape|atk|1\n|-boost|p1b: Annihilape|def|1\n|move|p1a: Dondozo|Substitute|p1a: Dondozo\n|-start|p1a: Dondozo|Substitute\n|-damage|p1a: Dondozo|24\/100\n|\n|-heal|p1a: Dondozo|30\/100|[from] item: Leftovers\n|upkeep\n|turn|4\n|c|\u2606War Jesus|Crinfe\n|n|!War Jesus|warjesus\n|-message|War Jesus forfeited.\n|\n|win|DarkTerrah\n|raw|War Jesus's rating: 1157 → 1127<\/strong> (-30 for losing)\n|raw|DarkTerrah's rating: 1088 → 1120<\/strong> (+32 for winning)\n|l|!War Jesus\n|c|\u2606DarkTerrah|Lol\n|c|\u2606DarkTerrah|gg\n","uploadtime":1682602503,"views":11,"p1id":"warjesus","p2id":"darkterrah","formatid":"gen9vgc2023regulationc","rating":1120,"private":0,"password":""}