{"id":"gen9vgc2023regulationc-1860736096","p1":"utrechts2","p2":"Matyel","format":"[Gen 9] VGC 2023 Regulation C","log":"|j|\u2606utrechts2\n|j|\u2606Matyel\n|t:|1683671661\n|gametype|doubles\n|player|p1|utrechts2|1|1277\n|player|p2|Matyel|geeta|1226\n|teamsize|p1|6\n|teamsize|p2|6\n|gen|9\n|tier|[Gen 9] VGC 2023 Regulation C\n|rated|\n|rule|Species Clause: Limit one of each Pok\u00e9mon\n|rule|Item Clause: Limit one of each item\n|clearpoke\n|poke|p1|Chi-Yu, L50|\n|poke|p1|Gyarados, L50, M|\n|poke|p1|Flutter Mane, L50|\n|poke|p1|Amoonguss, L50, F|\n|poke|p1|Iron Hands, L50|\n|poke|p1|Iron Bundle, L50|\n|poke|p2|Umbreon, L50, M|\n|poke|p2|Vivillon-Fancy, L50, F|\n|poke|p2|Armarouge, L50, F|\n|poke|p2|Iron Hands, L50|\n|poke|p2|Flutter Mane, L50|\n|poke|p2|Indeedee-F, L50, F|\n|teampreview|4\n|\n|t:|1683671698\n|start\n|switch|p1a: Chi-Yu|Chi-Yu, L50|100\/100\n|switch|p1b: Gyarados|Gyarados, L50, M|100\/100\n|switch|p2a: ferropalmas|Iron Hands, L50|100\/100\n|switch|p2b: Vivillon|Vivillon-Fancy, L50, F|100\/100\n|-ability|p1a: Chi-Yu|Beads of Ruin\n|-ability|p1b: Gyarados|Intimidate|boost\n|-unboost|p2a: ferropalmas|atk|1\n|-unboost|p2b: Vivillon|atk|1\n|turn|1\n|\n|t:|1683671718\n|move|p1a: Chi-Yu|Protect|p1a: Chi-Yu\n|-singleturn|p1a: Chi-Yu|Protect\n|move|p1b: Gyarados|Protect|p1b: Gyarados\n|-singleturn|p1b: Gyarados|Protect\n|move|p2b: Vivillon|Tailwind|p2b: Vivillon\n|-sidestart|p2: Matyel|move: Tailwind\n|move|p2a: ferropalmas|Drain Punch|p1a: Chi-Yu\n|-activate|p1a: Chi-Yu|move: Protect\n|\n|upkeep\n|turn|2\n|\n|t:|1683671740\n|switch|p1b: Iron Hands|Iron Hands, L50|100\/100\n|-terastallize|p1a: Chi-Yu|Water\n|move|p2b: Vivillon|Sleep Powder|p1a: Chi-Yu\n|-activate|p1a: Chi-Yu|item: Safety Goggles|Sleep Powder\n|move|p2a: ferropalmas|Wild Charge|p1b: Iron Hands\n|-resisted|p1b: Iron Hands\n|-damage|p1b: Iron Hands|90\/100\n|-damage|p2a: ferropalmas|98\/100|[from] Recoil\n|move|p1a: Chi-Yu|Heat Wave|p2b: Vivillon|[spread] p2a,p2b\n|-supereffective|p2b: Vivillon\n|-damage|p2a: ferropalmas|73\/100\n|-enditem|p2b: Vivillon|Focus Sash\n|-damage|p2b: Vivillon|1\/100\n|\n|upkeep\n|turn|3\n|\n|t:|1683671769\n|switch|p2b: Armarouge|Armarouge, L50, F|100\/100\n|move|p1b: Iron Hands|Fake Out|p2a: ferropalmas\n|-damage|p2a: ferropalmas|63\/100\n|cant|p2a: ferropalmas|flinch\n|move|p1a: Chi-Yu|Dark Pulse|p2b: Armarouge\n|-supereffective|p2b: Armarouge\n|-damage|p2b: Armarouge|0 fnt\n|faint|p2b: Armarouge\n|\n|upkeep\n|-message|Matyel forfeited.\n|\n|win|utrechts2\n|raw|utrechts2's rating: 1277 → 1298<\/strong> (+21 for winning)\n|raw|Matyel's rating: 1226 → 1205<\/strong> (-21 for losing)\n|l|\u2606Matyel\n","uploadtime":1683671791,"views":14,"p1id":"utrechts2","p2id":"matyel","formatid":"gen9vgc2023regulationc","rating":1205,"private":0,"password":""}