{"id":"gen9vgc2023regulationc-1846765191","p1":"Riverpasta","p2":"Treeckoguy1","format":"[Gen 9] VGC 2023 Regulation C","log":"|j|\u2606Riverpasta\n|j|\u2606Treeckoguy1\n|t:|1681875867\n|gametype|doubles\n|player|p1|Riverpasta|red|1371\n|player|p2|Treeckoguy1|2|1375\n|teamsize|p1|6\n|teamsize|p2|6\n|gen|9\n|tier|[Gen 9] VGC 2023 Regulation C\n|rated|\n|rule|Species Clause: Limit one of each Pok\u00e9mon\n|rule|Item Clause: Limit one of each item\n|clearpoke\n|poke|p1|Kingambit, L50, F|\n|poke|p1|Amoonguss, L50, F|\n|poke|p1|Stantler, L50, M|\n|poke|p1|Hatterene, L50, F|\n|poke|p1|Clawitzer, L50, F|\n|poke|p1|Iron Hands, L50|\n|poke|p2|Chien-Pao, L50|\n|poke|p2|Abomasnow, L50, F|\n|poke|p2|Avalugg, L50, M|\n|poke|p2|Frosmoth, L50, F|\n|poke|p2|Baxcalibur, L50, M|\n|poke|p2|Iron Bundle, L50|\n|teampreview|4\n|c|\u2606Riverpasta|mono ice\n|c|\u2606Riverpasta|based\n|\n|t:|1681875927\n|start\n|switch|p1a: Iron Hands|Iron Hands, L50|100\/100\n|switch|p1b: Clawitzer|Clawitzer, L50, F|100\/100\n|switch|p2a: Frosmoth|Frosmoth, L50, F|100\/100\n|switch|p2b: Abomasnow|Abomasnow, L50, F|100\/100\n|-weather|Snow|[from] ability: Snow Warning|[of] p2b: Abomasnow\n|turn|1\n|\n|t:|1681875941\n|move|p1a: Iron Hands|Fake Out|p2a: Frosmoth\n|-damage|p2a: Frosmoth|87\/100\n|move|p2a: Frosmoth|Quiver Dance|p2a: Frosmoth\n|-boost|p2a: Frosmoth|spa|1\n|-boost|p2a: Frosmoth|spd|1\n|-boost|p2a: Frosmoth|spe|1\n|move|p2b: Abomasnow|Aurora Veil|p2b: Abomasnow\n|-sidestart|p2: Treeckoguy1|move: Aurora Veil\n|move|p1b: Clawitzer|Aura Sphere|p2b: Abomasnow\n|-supereffective|p2b: Abomasnow\n|-damage|p2b: Abomasnow|25\/100\n|\n|-weather|Snow|[upkeep]\n|upkeep\n|turn|2\n|c|\u2606Riverpasta|IT'S COVERT\n|c|\u2606Riverpasta|NOOO\n|c|\u2606Riverpasta|gg\n|-message|Riverpasta forfeited.\n|\n|win|Treeckoguy1\n|raw|Riverpasta's rating: 1371 → 1351<\/strong> (-20 for losing)\n|raw|Treeckoguy1's rating: 1375 → 1395<\/strong> (+20 for winning)\n|l|\u2606Riverpasta\n","uploadtime":1681875982,"views":14,"p1id":"riverpasta","p2id":"treeckoguy1","formatid":"gen9vgc2023regulationc","rating":1351,"private":0,"password":""}