{"id":"gen9vgc2023regulationc-1863468521","p1":"Gjbcrg can hcv","p2":"Cheesie1","format":"[Gen 9] VGC 2023 Regulation C","log":"|j|\u2606Gjbcrg can hcv\n|j|\u2606Cheesie1\n|t:|1684021378\n|gametype|doubles\n|player|p1|Gjbcrg can hcv|1|1000\n|player|p2|Cheesie1|169|1023\n|teamsize|p1|6\n|teamsize|p2|6\n|gen|9\n|tier|[Gen 9] VGC 2023 Regulation C\n|rated|\n|rule|Species Clause: Limit one of each Pok\u00e9mon\n|rule|Item Clause: Limit one of each item\n|clearpoke\n|poke|p1|Vaporeon, L50, F|\n|poke|p1|Pelipper, L50, F|\n|poke|p1|Golduck, L50, M|\n|poke|p1|Gastrodon, L50, M|\n|poke|p1|Dondozo, L50, M|\n|poke|p1|Tatsugiri, L50, F|\n|poke|p2|Grimmsnarl, L50, M|\n|poke|p2|Orthworm, L50, M|\n|poke|p2|Flutter Mane, L50|\n|poke|p2|Sylveon, L50, M|\n|poke|p2|Ceruledge, L50, M|\n|poke|p2|Espathra, L50, F|\n|teampreview|4\n|\n|t:|1684021398\n|start\n|switch|p1a: Vaporeon|Vaporeon, L50, F|100\/100\n|switch|p1b: Pelipper|Pelipper, L50, F|100\/100\n|switch|p2a: Grimmsnarl|Grimmsnarl, L50, M|100\/100\n|switch|p2b: Orthworm|Orthworm, L50, M|100\/100\n|-weather|RainDance|[from] ability: Drizzle|[of] p1b: Pelipper\n|turn|1\n|\n|t:|1684021414\n|-terastallize|p1a: Vaporeon|Grass\n|move|p2a: Grimmsnarl|Light Screen|p2a: Grimmsnarl\n|-sidestart|p2: Cheesie1|move: Light Screen\n|move|p1b: Pelipper|U-turn|p1a: Vaporeon\n|-supereffective|p1a: Vaporeon\n|-damage|p1a: Vaporeon|79\/100\n|-enditem|p1a: Vaporeon|Weakness Policy\n|-boost|p1a: Vaporeon|atk|2|[from] item: Weakness Policy\n|-boost|p1a: Vaporeon|spa|2|[from] item: Weakness Policy\n|\n|t:|1684021423\n|switch|p1b: Gastrodon|Gastrodon, L50, M|100\/100|[from] U-turn\n|move|p1a: Vaporeon|Surf|p2a: Grimmsnarl|[spread] p2a,p2b\n|-ability|p1b: Gastrodon|Storm Drain|boost\n|-boost|p1b: Gastrodon|spa|1\n|-damage|p2a: Grimmsnarl|51\/100\n|-damage|p2b: Orthworm|24\/100\n|move|p2b: Orthworm|Shed Tail|p2b: Orthworm\n|-fail|p2b: Orthworm|move: Shed Tail|[weak]\n|\n|-weather|RainDance|[upkeep]\n|-heal|p2b: Orthworm|30\/100|[from] item: Leftovers\n|upkeep\n|turn|2\n|\n|t:|1684021473\n|move|p1a: Vaporeon|Surf|p2b: Orthworm|[spread] p2a,p2b\n|-ability|p1b: Gastrodon|Storm Drain|boost\n|-boost|p1b: Gastrodon|spa|1\n|-damage|p2a: Grimmsnarl|0 fnt\n|-damage|p2b: Orthworm|0 fnt\n|faint|p2a: Grimmsnarl\n|faint|p2b: Orthworm\n|move|p1b: Gastrodon|Surf|p1a: Vaporeon\n|-heal|p1a: Vaporeon|100\/100|[from] ability: Water Absorb|[of] p1b: Gastrodon\n|\n|-weather|RainDance|[upkeep]\n|upkeep\n|-message|Cheesie1 forfeited.\n|\n|win|Gjbcrg can hcv\n|raw|Gjbcrg can hcv's rating: 1000 → 1043<\/strong> (+43 for winning)\n|raw|Cheesie1's rating: 1023 → 1009<\/strong> (-14 for losing)\n|l|\u2606Cheesie1\n","uploadtime":1684021491,"views":10,"p1id":"gjbcrgcanhcv","p2id":"cheesie1","formatid":"gen9vgc2023regulationc","rating":1009,"private":0,"password":""}