{"id":"gen9vgc2023regulationc-1855377279","p1":"Hinokami Ascension","p2":"Goombatower69","format":"[Gen 9] VGC 2023 Regulation C","log":"|j|\u2606Hinokami Ascension\n|j|\u2606Goombatower69\n|t:|1682945040\n|gametype|doubles\n|player|p1|Hinokami Ascension|hilbert-wonderlauncher|\n|player|p2|Goombatower69|266|\n|teamsize|p1|6\n|teamsize|p2|6\n|gen|9\n|tier|[Gen 9] VGC 2023 Regulation C\n|rated|Tournament battle\n|rule|Species Clause: Limit one of each Pok\u00e9mon\n|rule|Item Clause: Limit one of each item\n|clearpoke\n|poke|p1|Talonflame, L50, F|\n|poke|p1|Iron Bundle, L50|\n|poke|p1|Torkoal, L50, M|\n|poke|p1|Flutter Mane, L50|\n|poke|p1|Great Tusk, L50|\n|poke|p1|Chi-Yu, L50|\n|poke|p2|Torkoal, L50, F|\n|poke|p2|Kingambit, L50, M|\n|poke|p2|Dragalge, L50, M|\n|poke|p2|Brute Bonnet, L50|\n|poke|p2|Iron Hands, L50|\n|poke|p2|Hatterene, L50, F|\n|teampreview|4\n|raw| Open Team Sheet for Hinokami Ascension<\/summary>Matsuemon (Talonflame) @ Safety Goggles Ability: Gale Wings Level: 50 Shiny: Yes Tera Type: Ghost - Brave Bird - Sunny Day - Will-O-Wisp - Tailwind Tomioka (Iron Bundle) @ Booster Energy Ability: Quark Drive Level: 50 Shiny: Yes Tera Type: Ghost - Icy Wind - Freeze-Dry - Hydro Pump - Protect Tanjiro (Torkoal) @ Charcoal Ability: Drought Level: 50 Shiny: Yes Tera Type: Fire - Eruption - Overheat - Earth Power - Protect Shinobu (Flutter Mane) @ Choice Specs Ability: Protosynthesis Level: 50 Shiny: Yes Tera Type: Fairy - Moonblast - Shadow Ball - Dazzling Gleam - Power Gem Inosuke (Great Tusk) @ Choice Scarf Ability: Protosynthesis Level: 50 Shiny: Yes Tera Type: Fire - Headlong Rush - Close Combat - Earthquake - Rock Slide Rengoku (Chi-Yu) @ Life Orb Ability: Beads of Ruin Level: 50 Tera Type: Ghost - Heat Wave - Overheat - Dark Pulse - Protect <\/details><\/div> Open Team Sheet for Goombatower69<\/summary>Sauna (Torkoal) @ Quick Claw Ability: Drought Level: 50 Tera Type: Grass - Eruption - Protect - Solar Beam - Earth Power Chess (Kingambit) @ Black Glasses Ability: Defiant Level: 50 Tera Type: Grass - Iron Head - Kowtow Cleave - Sucker Punch - Protect Saunasteam (Dragalge) @ Mental Herb Ability: Adaptability Level: 50 Shiny: Yes Tera Type: Poison - Dragon Pulse - Draco Meteor - Sludge Bomb - Protect GOD (Brute Bonnet) @ Loaded Dice Ability: Protosynthesis Level: 50 Tera Type: Water - Spore - Close Combat - Bullet Seed - Crunch catch deez hands (Iron Hands) @ Booster Energy Ability: Quark Drive Level: 50 Tera Type: Fire - Fake Out - Protect - Close Combat - Wild Charge Hatterene (F) @ Covert Cloak Ability: Magic Bounce Level: 50 Tera Type: Dark - Trick Room - Helping Hand - Protect - Dazzling Gleam <\/details><\/div>\n|j| babiwi bewey\u2714\ufe0f\n|\n|t:|1682945087\n|start\n|switch|p1a: Rengoku|Chi-Yu, L50|100\/100\n|switch|p1b: Shinobu|Flutter Mane, L50, shiny|100\/100\n|switch|p2a: Hatterene|Hatterene, L50, F|100\/100\n|switch|p2b: GOD|Brute Bonnet, L50|100\/100\n|-ability|p1a: Rengoku|Beads of Ruin\n|turn|1\n|\n|t:|1682945102\n|-terastallize|p1b: Shinobu|Fairy\n|move|p1b: Shinobu|Moonblast|p2a: Hatterene\n|-damage|p2a: Hatterene|0 fnt\n|faint|p2a: Hatterene\n|move|p1a: Rengoku|Heat Wave|p2b: GOD\n|-supereffective|p2b: GOD\n|-damage|p2b: GOD|0 fnt\n|faint|p2b: GOD\n|-end|p2b: GOD|Protosynthesis|[silent]\n|-damage|p1a: Rengoku|90\/100|[from] item: Life Orb\n|\n|upkeep\n|l| babiwi bewey\u2714\ufe0f\n|-message|Goombatower69 forfeited.\n|\n|win|Hinokami Ascension\n|n|\u2606Hinokami Ascension|hinokamiascension\n|n|\u2606Goombatower69|goombatower69\n|l|\u2606Goombatower69\n","uploadtime":1682945125,"views":14,"p1id":"hinokamiascension","p2id":"goombatower69","formatid":"gen9vgc2023regulationc","rating":0,"private":0,"password":""}