{"id":"gen9vgc2023regulationc-1852208452","p1":"BaconJaming148","p2":"Oofohno","format":"[Gen 9] VGC 2023 Regulation C","log":"|j|\u2606BaconJaming148\n|j|\u2606Oofohno\n|t:|1682533084\n|gametype|doubles\n|player|p1|BaconJaming148|giovanni|1131\n|player|p2|Oofohno|1|1196\n|teamsize|p1|6\n|teamsize|p2|6\n|gen|9\n|tier|[Gen 9] VGC 2023 Regulation C\n|rated|\n|rule|Species Clause: Limit one of each Pok\u00e9mon\n|rule|Item Clause: Limit one of each item\n|clearpoke\n|poke|p1|Chien-Pao, L50|\n|poke|p1|Dragonite, L50, M|\n|poke|p1|Palafin, L50, M|\n|poke|p1|Flutter Mane, L50|\n|poke|p1|Arcanine, L50, F|\n|poke|p1|Amoonguss, L50, F|\n|poke|p2|Ceruledge, L50, F|\n|poke|p2|Coalossal, L50, M|\n|poke|p2|Palafin, L50, F|\n|poke|p2|Flamigo, L50, M|\n|poke|p2|Chien-Pao, L50|\n|poke|p2|Kingambit, L50, F|\n|teampreview|4\n|inactive|Battle timer is ON: inactive players will automatically lose when time's up. (requested by Oofohno)\n|inactive|BaconJaming148 has 60 seconds left.\n|inactive|Oofohno has 60 seconds left.\n|\n|t:|1682533140\n|start\n|switch|p1a: Palafin|Palafin, L50, M|100\/100\n|switch|p1b: Amoonguss|Amoonguss, L50, F|100\/100\n|switch|p2a: Ceruledge|Ceruledge, L50, F|100\/100\n|switch|p2b: Coalossal|Coalossal, L50, M|100\/100\n|turn|1\n|\n|t:|1682533153\n|detailschange|p1a: Palafin|Palafin-Hero, L50, M\n|switch|p1a: Flutter Mane|Flutter Mane, L50|100\/100\n|-enditem|p1a: Flutter Mane|Booster Energy\n|-activate|p1a: Flutter Mane|ability: Protosynthesis|[fromitem]\n|-start|p1a: Flutter Mane|protosynthesisspa\n|-terastallize|p2b: Coalossal|Grass\n|move|p1b: Amoonguss|Protect|p1b: Amoonguss\n|-singleturn|p1b: Amoonguss|Protect\n|move|p2a: Ceruledge|Lava Plume|p1b: Amoonguss|[spread] p2b,p1a\n|-activate|p1b: Amoonguss|move: Protect\n|-supereffective|p2b: Coalossal\n|-damage|p2b: Coalossal|77\/100\n|-damage|p1a: Flutter Mane|87\/100\n|-ability|p2b: Coalossal|Steam Engine|boost\n|-boost|p2b: Coalossal|spe|6\n|-enditem|p2b: Coalossal|Weakness Policy\n|-boost|p2b: Coalossal|atk|2|[from] item: Weakness Policy\n|-boost|p2b: Coalossal|spa|2|[from] item: Weakness Policy\n|move|p2b: Coalossal|Heat Wave|p1b: Amoonguss|[spread] p1a\n|-activate|p1b: Amoonguss|move: Protect\n|-damage|p1a: Flutter Mane|32\/100\n|\n|upkeep\n|turn|2\n|inactive|BaconJaming148 has 30 seconds left.\n|inactive|BaconJaming148 has 20 seconds left.\n|\n|t:|1682533194\n|switch|p2a: Flamigo|Flamigo, L50, M|100\/100\n|-copyboost|p2a: Flamigo|p2b: Coalossal|[from] ability: Costar\n|move|p1b: Amoonguss|Protect||[still]\n|-fail|p1b: Amoonguss\n|move|p2b: Coalossal|Heat Wave|p1a: Flutter Mane|[spread] p1a,p1b\n|-supereffective|p1b: Amoonguss\n|-damage|p1a: Flutter Mane|0 fnt\n|-damage|p1b: Amoonguss|0 fnt\n|faint|p1a: Flutter Mane\n|-end|p1a: Flutter Mane|Protosynthesis|[silent]\n|faint|p1b: Amoonguss\n|\n|upkeep\n|\n|t:|1682533201\n|switch|p1a: Chien-Pao|Chien-Pao, L50|100\/100\n|switch|p1b: Palafin|Palafin-Hero, L50, M|100\/100\n|-ability|p1a: Chien-Pao|Sword of Ruin\n|-activate|p1b: Palafin|ability: Zero to Hero\n|turn|3\n|\n|t:|1682533216\n|-terastallize|p1b: Palafin|Water\n|move|p1b: Palafin|Jet Punch|p2a: Flamigo\n|-enditem|p2a: Flamigo|Focus Sash\n|-damage|p2a: Flamigo|1\/100\n|move|p2a: Flamigo|Close Combat|p1a: Chien-Pao\n|-supereffective|p1a: Chien-Pao\n|-enditem|p1a: Chien-Pao|Focus Sash\n|-damage|p1a: Chien-Pao|1\/100\n|-unboost|p2a: Flamigo|def|1\n|-unboost|p2a: Flamigo|spd|1\n|move|p2b: Coalossal|Tera Blast|p1b: Palafin\n|-supereffective|p1b: Palafin\n|-damage|p1b: Palafin|0 fnt\n|faint|p1b: Palafin\n|move|p1a: Chien-Pao|Ice Spinner|p2b: Coalossal\n|-supereffective|p2b: Coalossal\n|-damage|p2b: Coalossal|4\/100\n|\n|upkeep\n|turn|4\n|-message|BaconJaming148 forfeited.\n|\n|win|Oofohno\n|raw|BaconJaming148's rating: 1131 → 1111<\/strong> (-20 for losing)\n|raw|Oofohno's rating: 1196 → 1216<\/strong> (+20 for winning)\n|l|\u2606BaconJaming148\n","uploadtime":1682533257,"views":10,"p1id":"baconjaming148","p2id":"oofohno","formatid":"gen9vgc2023regulationc","rating":1111,"private":0,"password":""}