{"id":"gen9vgc2023regulationc-1850768748","p1":"BlackVorteXx","p2":"LeakySoups","format":"[Gen 9] VGC 2023 Regulation C","log":"|j|\u2606BlackVorteXx\n|j|\u2606LeakySoups\n|t:|1682366105\n|gametype|doubles\n|player|p1|BlackVorteXx|steven|1043\n|player|p2|LeakySoups|170|1068\n|teamsize|p1|6\n|teamsize|p2|6\n|gen|9\n|tier|[Gen 9] VGC 2023 Regulation C\n|rated|\n|rule|Species Clause: Limit one of each Pok\u00e9mon\n|rule|Item Clause: Limit one of each item\n|clearpoke\n|poke|p1|Drednaw, L50, M|\n|poke|p1|Pelipper, L50, F|\n|poke|p1|Kilowattrel, L50, M|\n|poke|p1|Kingambit, L50, F|\n|poke|p1|Iron Bundle, L50|\n|poke|p1|Amoonguss, L50, M|\n|poke|p2|Palafin, L50, F|\n|poke|p2|Flutter Mane, L50|\n|poke|p2|Brute Bonnet, L50|\n|poke|p2|Arcanine, L50, M|\n|poke|p2|Iron Hands, L50|\n|poke|p2|Glimmora, L50, F|\n|teampreview|4\n|inactive|Battle timer is ON: inactive players will automatically lose when time's up. (requested by BlackVorteXx)\n|inactive|BlackVorteXx has 60 seconds left.\n|\n|t:|1682366137\n|start\n|switch|p1a: Pelipper|Pelipper, L50, F|100\/100\n|switch|p1b: Drednaw|Drednaw, L50, M, shiny|100\/100\n|switch|p2a: Palafin|Palafin, L50, F, shiny|100\/100\n|switch|p2b: Brute Bonnet|Brute Bonnet, L50, shiny|100\/100\n|-weather|RainDance|[from] ability: Drizzle|[of] p1a: Pelipper\n|turn|1\n|\n|t:|1682366155\n|move|p1b: Drednaw|Rock Slide|p2a: Palafin|[spread] p2a,p2b\n|-damage|p2a: Palafin|59\/100\n|-damage|p2b: Brute Bonnet|78\/100\n|cant|p2a: Palafin|flinch\n|move|p1a: Pelipper|Hurricane|p2b: Brute Bonnet\n|-supereffective|p2b: Brute Bonnet\n|-damage|p2b: Brute Bonnet|3\/100\n|-start|p2b: Brute Bonnet|confusion\n|-activate|p2b: Brute Bonnet|confusion\n|move|p2b: Brute Bonnet|Spore|p1a: Pelipper\n|-status|p1a: Pelipper|slp|[from] move: Spore\n|\n|-weather|RainDance|[upkeep]\n|upkeep\n|turn|2\n|\n|t:|1682366177\n|switch|p1a: Amoonguss|Amoonguss, L50, M|100\/100\n|-activate|p2b: Brute Bonnet|confusion\n|move|p2b: Brute Bonnet|Protect|p2b: Brute Bonnet\n|-singleturn|p2b: Brute Bonnet|Protect\n|move|p1b: Drednaw|Rock Slide|p2b: Brute Bonnet|[spread] p2a\n|-activate|p2b: Brute Bonnet|move: Protect\n|-damage|p2a: Palafin|19\/100\n|move|p2a: Palafin|Flip Turn|p1b: Drednaw\n|-damage|p1b: Drednaw|54\/100\n|\n|t:|1682366199\n|detailschange|p2a: Palafin|Palafin-Hero, L50, F, shiny\n|switch|p2a: Iron Hands|Iron Hands, L50, shiny|100\/100|[from] Flip Turn\n|\n|-weather|RainDance|[upkeep]\n|upkeep\n|turn|3\n|\n|t:|1682366216\n|move|p2a: Iron Hands|Fake Out|p1a: Amoonguss\n|-damage|p1a: Amoonguss|87\/100\n|cant|p1a: Amoonguss|flinch\n|move|p1b: Drednaw|Liquidation|p2a: Iron Hands\n|-damage|p2a: Iron Hands|58\/100\n|-unboost|p2a: Iron Hands|def|1\n|-end|p2b: Brute Bonnet|confusion\n|move|p2b: Brute Bonnet|Spore|p1b: Drednaw\n|-status|p1b: Drednaw|slp|[from] move: Spore\n|\n|-weather|RainDance|[upkeep]\n|upkeep\n|turn|4\n|inactive|LeakySoups has 30 seconds left.\n|\n|t:|1682366242\n|switch|p1b: Kingambit|Kingambit, L50, F|100\/100\n|move|p2b: Brute Bonnet|Sucker Punch|p1a: Amoonguss\n|-damage|p1a: Amoonguss|50\/100\n|move|p2a: Iron Hands|Drain Punch|p1b: Kingambit\n|-supereffective|p1b: Kingambit\n|-damage|p1b: Kingambit|0 fnt\n|-heal|p2a: Iron Hands|100\/100|[from] drain|[of] p1b: Kingambit\n|faint|p1b: Kingambit\n|move|p1a: Amoonguss|Clear Smog|p2b: Brute Bonnet\n|-supereffective|p2b: Brute Bonnet\n|-damage|p2b: Brute Bonnet|0 fnt\n|-clearboost|p2b: Brute Bonnet\n|faint|p2b: Brute Bonnet\n|-end|p2b: Brute Bonnet|Protosynthesis|[silent]\n|\n|-weather|RainDance|[upkeep]\n|upkeep\n|-message|BlackVorteXx forfeited.\n|\n|win|LeakySoups\n|raw|BlackVorteXx's rating: 1043 → 1028<\/strong> (-15 for losing)\n|raw|LeakySoups's rating: 1068 → 1096<\/strong> (+28 for winning)\n|l|\u2606BlackVorteXx\n|l|\u2606LeakySoups\n","uploadtime":1682366300,"views":13,"p1id":"blackvortexx","p2id":"leakysoups","formatid":"gen9vgc2023regulationc","rating":1028,"private":0,"password":""}