{"id":"gen9vgc2023regulationc-1849214462","p1":"bigbfps","p2":"Tyruntula","format":"[Gen 9] VGC 2023 Regulation C","log":"|j|\u2606bigbfps\n|j|\u2606Tyruntula\n|t:|1682173657\n|gametype|doubles\n|player|p1|bigbfps|265|1270\n|player|p2|Tyruntula|crasherwake|1269\n|teamsize|p1|6\n|teamsize|p2|6\n|gen|9\n|tier|[Gen 9] VGC 2023 Regulation C\n|rated|\n|rule|Species Clause: Limit one of each Pok\u00e9mon\n|rule|Item Clause: Limit one of each item\n|clearpoke\n|poke|p1|Haxorus, L50, M|\n|poke|p1|Gyarados, L50, M|\n|poke|p1|Amoonguss, L50, M|\n|poke|p1|Ceruledge, L50, F|\n|poke|p1|Chien-Pao, L50|\n|poke|p1|Sylveon, L50, M|\n|poke|p2|Annihilape, L50, M|\n|poke|p2|Maushold, L50|\n|poke|p2|Flutter Mane, L50|\n|poke|p2|Gastrodon-East, L50, M|\n|poke|p2|Iron Hands, L50|\n|poke|p2|Arcanine, L50, M|\n|teampreview|4\n|inactive|Battle timer is ON: inactive players will automatically lose when time's up. (requested by bigbfps)\n|inactive|bigbfps has 60 seconds left.\n|inactive|bigbfps has 30 seconds left.\n|inactive|bigbfps has 20 seconds left.\n|inactive|bigbfps has 15 seconds left.\n|inactive|bigbfps has 10 seconds left.\n|\n|t:|1682173742\n|start\n|switch|p1a: Chien-Pao|Chien-Pao, L50|100\/100\n|switch|p1b: Sylveon|Sylveon, L50, M, shiny|100\/100\n|switch|p2a: Pink Floyd|Annihilape, L50, M|100\/100\n|switch|p2b: Klash of klans|Maushold, L50|100\/100\n|-ability|p1a: Chien-Pao|Sword of Ruin\n|turn|1\n|\n|t:|1682173759\n|-terastallize|p2b: Klash of klans|Ghost\n|move|p1a: Chien-Pao|Ice Spinner|p2b: Klash of klans\n|-damage|p2b: Klash of klans|30\/100\n|move|p2b: Klash of klans|Beat Up|p2a: Pink Floyd\n|-damage|p2a: Pink Floyd|97\/100\n|-damage|p2a: Pink Floyd|95\/100\n|-damage|p2a: Pink Floyd|92\/100\n|-damage|p2a: Pink Floyd|90\/100\n|-hitcount|p2a: Pink Floyd|4\n|move|p2a: Pink Floyd|Rage Fist|p1b: Sylveon\n|-damage|p1b: Sylveon|0 fnt\n|faint|p1b: Sylveon\n|\n|-heal|p2a: Pink Floyd|96\/100|[from] item: Leftovers\n|upkeep\n|\n|t:|1682173776\n|switch|p1b: Haxorus|Haxorus, L50, M, shiny|100\/100\n|-ability|p1b: Haxorus|Mold Breaker\n|turn|2\n|\n|t:|1682173787\n|switch|p2b: Arcanine|Arcanine, L50, M|100\/100\n|-ability|p2b: Arcanine|Intimidate|boost\n|-unboost|p1a: Chien-Pao|atk|1\n|-unboost|p1b: Haxorus|atk|1\n|move|p1a: Chien-Pao|Protect|p1a: Chien-Pao\n|-singleturn|p1a: Chien-Pao|Protect\n|move|p1b: Haxorus|Earthquake|p2a: Pink Floyd|[spread] p2a,p2b\n|-activate|p1a: Chien-Pao|move: Protect\n|-supereffective|p2b: Arcanine\n|-damage|p2a: Pink Floyd|68\/100\n|-damage|p2b: Arcanine|48\/100\n|move|p2a: Pink Floyd|Rage Fist|p1b: Haxorus\n|-damage|p1b: Haxorus|0 fnt\n|faint|p1b: Haxorus\n|\n|-heal|p2a: Pink Floyd|74\/100|[from] item: Leftovers\n|upkeep\n|\n|t:|1682173802\n|switch|p1b: Amoonguss|Amoonguss, L50, M, shiny|100\/100\n|turn|3\n|\n|t:|1682173814\n|-terastallize|p1b: Amoonguss|Dark\n|move|p1a: Chien-Pao|Sucker Punch|p2a: Pink Floyd\n|-damage|p2a: Pink Floyd|43\/100\n|move|p2b: Arcanine|Howl|p2b: Arcanine|[spread] p2a,p2b\n|-boost|p2a: Pink Floyd|atk|1\n|-boost|p2b: Arcanine|atk|1\n|move|p2a: Pink Floyd|Rage Fist|p1b: Amoonguss\n|-resisted|p1b: Amoonguss\n|-damage|p1b: Amoonguss|0 fnt\n|faint|p1b: Amoonguss\n|\n|-heal|p2a: Pink Floyd|49\/100|[from] item: Leftovers\n|upkeep\n|turn|4\n|\n|t:|1682173830\n|move|p1a: Chien-Pao|Sucker Punch|p2b: Arcanine\n|-damage|p2b: Arcanine|14\/100\n|-enditem|p2b: Arcanine|Aguav Berry|[eat]\n|-heal|p2b: Arcanine|47\/100|[from] item: Aguav Berry\n|move|p2b: Arcanine|Flare Blitz|p1a: Chien-Pao\n|-supereffective|p1a: Chien-Pao\n|-enditem|p1a: Chien-Pao|Focus Sash\n|-damage|p1a: Chien-Pao|1\/100\n|-damage|p2b: Arcanine|21\/100|[from] Recoil\n|move|p2a: Pink Floyd|Drain Punch|p1a: Chien-Pao\n|-supereffective|p1a: Chien-Pao\n|-damage|p1a: Chien-Pao|0 fnt\n|-heal|p2a: Pink Floyd|49\/100|[from] drain|[of] p1a: Chien-Pao\n|faint|p1a: Chien-Pao\n|\n|win|Tyruntula\n|raw|bigbfps's rating: 1270 → 1245<\/strong> (-25 for losing)\n|raw|Tyruntula's rating: 1269 → 1294<\/strong> (+25 for winning)\n","uploadtime":1682173857,"views":4,"p1id":"bigbfps","p2id":"tyruntula","formatid":"gen9vgc2023regulationc","rating":1245,"private":0,"password":""}