{"id":"gen9vgc2023regulationc-1862018729","p1":"esotilin123456","p2":"fgnb","format":"[Gen 9] VGC 2023 Regulation C","log":"|j|\u2606esotilin123456\n|j|\u2606fgnb\n|t:|1683829274\n|gametype|doubles\n|player|p1|esotilin123456|hilbert-wonderlauncher|1556\n|player|p2|fgnb|darach|1474\n|teamsize|p1|6\n|teamsize|p2|6\n|gen|9\n|tier|[Gen 9] VGC 2023 Regulation C\n|rated|\n|rule|Species Clause: Limit one of each Pok\u00e9mon\n|rule|Item Clause: Limit one of each item\n|clearpoke\n|poke|p1|Tyranitar, L50, M|\n|poke|p1|Corviknight, L50, F|\n|poke|p1|Flutter Mane, L50|\n|poke|p1|Arcanine, L50, M|\n|poke|p1|Gastrodon, L50, F|\n|poke|p1|Rotom-Mow, L50|\n|poke|p2|Indeedee-F, L50, F|\n|poke|p2|Armarouge, L50, M|\n|poke|p2|Flutter Mane, L50|\n|poke|p2|Roaring Moon, L50|\n|poke|p2|Annihilape, L50, M|\n|poke|p2|Maushold-Four, L50|\n|teampreview|4\nesotilin123456 has agreed to open team sheets.\n|inactive|Battle timer is ON: inactive players will automatically lose when time's up. (requested by fgnb)\n|c|\u2606esotilin123456|agree ots\n|j| SupaJello\n|c|\u2606esotilin123456|glhf\n|j| Sauromon\n|l| Sauromon\n|inactive|esotilin123456 has 60 seconds left.\n|j| Sauromon\n|\n|t:|1683829358\n|start\n|switch|p1a: good boi|Arcanine, L50, M|100\/100\n|switch|p1b: Flutter Mane|Flutter Mane, L50|100\/100\n|switch|p2a: Roaring Moon|Roaring Moon, L50, shiny|100\/100\n|switch|p2b: Armarouge|Armarouge, L50, M, shiny|100\/100\n|-ability|p1a: good boi|Intimidate|boost\n|-unboost|p2a: Roaring Moon|atk|1\n|-unboost|p2b: Armarouge|atk|1\n|-enditem|p2a: Roaring Moon|Booster Energy\n|-activate|p2a: Roaring Moon|ability: Protosynthesis|[fromitem]\n|-start|p2a: Roaring Moon|protosynthesisspe\n|turn|1\n|\n|t:|1683829375\n|-terastallize|p1b: Flutter Mane|Fairy\n|move|p2a: Roaring Moon|Earthquake|p1b: Flutter Mane|[spread] p2b,p1a,p1b\n|-supereffective|p2b: Armarouge\n|-supereffective|p1a: good boi\n|-damage|p2b: Armarouge|65\/100\n|-damage|p1a: good boi|61\/100\n|-damage|p1b: Flutter Mane|68\/100\n|-ability|p2b: Armarouge|Weak Armor|boost\n|-unboost|p2b: Armarouge|def|1\n|-boost|p2b: Armarouge|spe|2\n|-enditem|p2b: Armarouge|Weakness Policy\n|-boost|p2b: Armarouge|atk|2|[from] item: Weakness Policy\n|-boost|p2b: Armarouge|spa|2|[from] item: Weakness Policy\n|move|p2b: Armarouge|Expanding Force|p1b: Flutter Mane\n|-damage|p1b: Flutter Mane|0 fnt\n|faint|p1b: Flutter Mane\n|-end|p1b: Flutter Mane|Protosynthesis|[silent]\n|move|p1a: good boi|Flare Blitz|p2a: Roaring Moon\n|-resisted|p2a: Roaring Moon\n|-damage|p2a: Roaring Moon|62\/100\n|-damage|p1a: good boi|48\/100|[from] Recoil\n|\n|upkeep\n|\n|t:|1683829393\n|switch|p1b: Great Tyrant|Tyranitar, L50, M, shiny|100\/100\n|-weather|Sandstorm|[from] ability: Sand Stream|[of] p1b: Great Tyrant\n|turn|2\n|c|\u2606esotilin123456|no ots no skill\n|\n|t:|1683829417\n|switch|p1a: GROHAHSHSHSH|Gastrodon, L50, F|100\/100\n|move|p2b: Armarouge|Protect|p2b: Armarouge\n|-singleturn|p2b: Armarouge|Protect\n|move|p2a: Roaring Moon|Earthquake|p1a: GROHAHSHSHSH|[spread] p1a,p1b\n|-activate|p2b: Armarouge|move: Protect\n|-supereffective|p1b: Great Tyrant\n|-damage|p1a: GROHAHSHSHSH|82\/100\n|-damage|p1b: Great Tyrant|71\/100\n|move|p1b: Great Tyrant|Rock Slide|p2a: Roaring Moon|[spread] \n|-activate|p2b: Armarouge|move: Protect\n|-miss|p1b: Great Tyrant|p2a: Roaring Moon\n|\n|-weather|Sandstorm|[upkeep]\n|-damage|p2a: Roaring Moon|56\/100|[from] Sandstorm\n|-damage|p2b: Armarouge|59\/100|[from] Sandstorm\n|-heal|p1a: GROHAHSHSHSH|88\/100|[from] item: Leftovers\n|upkeep\n|turn|3\n|\n|t:|1683829434\n|-end|p2a: Roaring Moon|Protosynthesis|[silent]\n|switch|p2a: Maushold|Maushold-Four, L50|100\/100\n|move|p2b: Armarouge|Aura Sphere|p1b: Great Tyrant\n|-supereffective|p1b: Great Tyrant\n|-enditem|p1b: Great Tyrant|Chople Berry|[eat]\n|-enditem|p1b: Great Tyrant|Chople Berry|[weaken]\n|-damage|p1b: Great Tyrant|2\/100\n|move|p1b: Great Tyrant|Rock Slide|p2b: Armarouge|[spread] p2b\n|-miss|p1b: Great Tyrant|p2a: Maushold\n|-supereffective|p2b: Armarouge\n|-damage|p2b: Armarouge|0 fnt\n|faint|p2b: Armarouge\n|move|p1a: GROHAHSHSHSH|Ice Beam|p2a: Maushold\n|-damage|p2a: Maushold|64\/100\n|\n|-weather|Sandstorm|[upkeep]\n|-damage|p2a: Maushold|58\/100|[from] Sandstorm\n|-heal|p1a: GROHAHSHSHSH|94\/100|[from] item: Leftovers\n|upkeep\n|\n|t:|1683829452\n|switch|p2b: Annihilape|Annihilape, L50, M, shiny|100\/100\n|turn|4\n|\n|t:|1683829461\n|-terastallize|p2a: Maushold|Normal\n|move|p2b: Annihilape|Rage Fist|p1b: Great Tyrant\n|-resisted|p1b: Great Tyrant\n|-damage|p1b: Great Tyrant|0 fnt\n|faint|p1b: Great Tyrant\n|move|p2a: Maushold|Population Bomb|p1a: GROHAHSHSHSH\n|-damage|p1a: GROHAHSHSHSH|79\/100\n|-damage|p1a: GROHAHSHSHSH|61\/100\n|-damage|p1a: GROHAHSHSHSH|46\/100\n|-damage|p1a: GROHAHSHSHSH|30\/100\n|-damage|p1a: GROHAHSHSHSH|13\/100\n|-crit|p1a: GROHAHSHSHSH\n|-damage|p1a: GROHAHSHSHSH|0 fnt\n|faint|p1a: GROHAHSHSHSH\n|-hitcount|p1: GROHAHSHSHSH|6\n|\n|-weather|Sandstorm|[upkeep]\n|-damage|p2b: Annihilape|95\/100|[from] Sandstorm\n|-damage|p2a: Maushold|52\/100|[from] Sandstorm\n|upkeep\n|c|\u2606esotilin123456|mari.con culiao\n|n|\u203desotilin123456|esotilin123456\n|c|&|\/log esotilin123456 was locked from talking by Artemis. (\u2606esotilin123456: mari.con culiao)\n|c|&|\/raw This action was done automatically. Want to learn more about the AI? Visit the information thread<\/a>.<\/small>\n|-message|esotilin123456 forfeited.\n|\n|win|fgnb\n|raw|esotilin123456's rating: 1556 → 1531<\/strong> (-25 for losing)\n|raw|fgnb's rating: 1474 → 1499<\/strong> (+25 for winning)\n","uploadtime":1683829476,"views":15,"p1id":"esotilin123456","p2id":"fgnb","formatid":"gen9vgc2023regulationc","rating":1499,"private":0,"password":""}