{"id":"gen9vgc2023regulationc-1862754083","p1":"IeroTenparansu","p2":"Breakrigger","format":"[Gen 9] VGC 2023 Regulation C","log":"|j|\u2606IeroTenparansu\n|j|\u2606Breakrigger\n|t:|1683918468\n|gametype|doubles\n|player|p1|IeroTenparansu|madame-gen4dp|1351\n|player|p2|Breakrigger|265|1533\n|teamsize|p1|6\n|teamsize|p2|6\n|gen|9\n|tier|[Gen 9] VGC 2023 Regulation C\n|rated|\n|rule|Species Clause: Limit one of each Pok\u00e9mon\n|rule|Item Clause: Limit one of each item\n|clearpoke\n|poke|p1|Dondozo, L50, M|\n|poke|p1|Tatsugiri, L50, F|\n|poke|p1|Chi-Yu, L50|\n|poke|p1|Iron Bundle, L50|\n|poke|p1|Flutter Mane, L50|\n|poke|p1|Glimmora, L50, M|\n|poke|p2|Grimmsnarl, L50, M|\n|poke|p2|Arcanine, L50, F|\n|poke|p2|Azumarill, L50, M|\n|poke|p2|Gholdengo, L50|\n|poke|p2|Chien-Pao, L50|\n|poke|p2|Dragonite, L50, F|\n|teampreview|4\n|\n|t:|1683918500\n|start\n|switch|p1a: Iron Bundle|Iron Bundle, L50, shiny|100\/100\n|switch|p1b: Chi-Yu|Chi-Yu, L50|100\/100\n|switch|p2a: Grimmsnarl|Grimmsnarl, L50, M|100\/100\n|switch|p2b: Gholdengo|Gholdengo, L50|100\/100\n|-ability|p1b: Chi-Yu|Beads of Ruin\n|-enditem|p1a: Iron Bundle|Booster Energy\n|-activate|p1a: Iron Bundle|ability: Quark Drive|[fromitem]\n|-start|p1a: Iron Bundle|quarkdrivespe\n|turn|1\n|\n|t:|1683918528\n|-terastallize|p2b: Gholdengo|Water\n|move|p2a: Grimmsnarl|Light Screen|p2a: Grimmsnarl\n|-sidestart|p2: Breakrigger|move: Light Screen\n|move|p1a: Iron Bundle|Icy Wind|p2a: Grimmsnarl|[spread] p2a,p2b\n|-resisted|p2b: Gholdengo\n|-damage|p2a: Grimmsnarl|88\/100\n|-damage|p2b: Gholdengo|92\/100\n|-unboost|p2a: Grimmsnarl|spe|1\n|-unboost|p2b: Gholdengo|spe|1\n|move|p1b: Chi-Yu|Heat Wave|p2a: Grimmsnarl|[spread] p2a,p2b\n|-resisted|p2b: Gholdengo\n|-damage|p2a: Grimmsnarl|62\/100\n|-damage|p2b: Gholdengo|77\/100\n|move|p2b: Gholdengo|Nasty Plot|p2b: Gholdengo\n|-boost|p2b: Gholdengo|spa|2\n|\n|-heal|p2b: Gholdengo|83\/100|[from] item: Leftovers\n|upkeep\n|turn|2\n|\n|t:|1683918571\n|switch|p2a: Azumarill|Azumarill, L50, M|100\/100\n|move|p2b: Gholdengo|Protect|p2b: Gholdengo\n|-singleturn|p2b: Gholdengo|Protect\n|move|p1a: Iron Bundle|Freeze-Dry|p2b: Gholdengo\n|-activate|p2b: Gholdengo|move: Protect\n|move|p1b: Chi-Yu|Dark Pulse|p2b: Gholdengo\n|-activate|p2b: Gholdengo|move: Protect\n|\n|-heal|p2b: Gholdengo|89\/100|[from] item: Leftovers\n|upkeep\n|turn|3\n|\n|t:|1683918583\n|move|p1a: Iron Bundle|Freeze-Dry|p2b: Gholdengo\n|-supereffective|p2b: Gholdengo\n|-damage|p2b: Gholdengo|28\/100\n|-status|p2b: Gholdengo|frz\n|move|p1b: Chi-Yu|Dark Pulse|p2b: Gholdengo\n|-damage|p2b: Gholdengo|0 fnt\n|faint|p2b: Gholdengo\n|move|p2a: Azumarill|Liquidation|p1b: Chi-Yu\n|-supereffective|p1b: Chi-Yu\n|-crit|p1b: Chi-Yu\n|-enditem|p1b: Chi-Yu|Focus Sash\n|-damage|p1b: Chi-Yu|1\/100\n|-unboost|p1b: Chi-Yu|def|1\n|\n|upkeep\n|-message|Breakrigger forfeited.\n|\n|win|IeroTenparansu\n|raw|IeroTenparansu's rating: 1351 → 1381<\/strong> (+30 for winning)\n|raw|Breakrigger's rating: 1533 → 1503<\/strong> (-30 for losing)\n|l|\u2606Breakrigger\n","uploadtime":1683918602,"views":7,"p1id":"ierotenparansu","p2id":"breakrigger","formatid":"gen9vgc2023regulationc","rating":1381,"private":0,"password":""}