{"id":"gen9vgc2023regulationc-1852217423","p1":"Scrandrew","p2":"slothmish","format":"[Gen 9] VGC 2023 Regulation C","log":"|j|\u2606Scrandrew\n|j|\u2606slothmish\n|t:|1682533829\n|gametype|doubles\n|player|p1|Scrandrew|170|\n|player|p2|slothmish|cynthia|\n|teamsize|p1|6\n|teamsize|p2|6\n|gen|9\n|tier|[Gen 9] VGC 2023 Regulation C\n|rule|Species Clause: Limit one of each Pok\u00e9mon\n|rule|Item Clause: Limit one of each item\n|clearpoke\n|poke|p1|Drifloon, L5, M|\n|poke|p1|Wingull, L5, M|\n|poke|p1|Snover, L5, F|\n|poke|p1|Diglett, L5, M|\n|poke|p1|Gulpin, L5, F|\n|poke|p1|Swablu, L5, F|\n|poke|p2|Gastly, L5, F|\n|poke|p2|Gible, L5, F|\n|poke|p2|Shinx, L5, M|\n|poke|p2|Phanpy, L5, F|\n|poke|p2|Deino, L5, M|\n|poke|p2|Slakoth, L5, M|\n|teampreview|4\n|j| H0p5t3r\n|j| mharidain\n|c|\u2606Scrandrew|lemme know when to put timer on\n|c| mharidain|no timer\n|j| Coatesy92\n|c|\u2606Scrandrew|okie dokie\n|j| BFO Ethanol\n|l| Coatesy92\n|c|\u2606Scrandrew|lemme know when to go\n|c| BFO Ethanol|fancy going after this Hamish?\n|j| Coatesy92\n|c|\u2606slothmish|sure\n|l| H0p5t3r\n|c| Coatesy92|Peeko\n|c| mharidain|gogogo\n|c|\u2606Scrandrew|it's ya boi peeko\n|c| Coatesy92|if it\u2019s not called that I\u2019m leaving\n|c|\u2606slothmish|ready when u are\n|c|\u2606Scrandrew|i havent put nicknames on anything lol\n|c|\u2606Scrandrew|go go go\n|\n|t:|1682533991\n|start\n|switch|p1a: Snover|Snover, L5, F|100\/100\n|switch|p1b: Diglett|Diglett, L5, M|100\/100\n|switch|p2a: Gastly|Gastly, L5, F|100\/100\n|switch|p2b: Gible|Gible, L5, F|100\/100\n|-weather|Snow|[from] ability: Snow Warning|[of] p1a: Snover\n|turn|1\n|j| H0p5t3r\n|c| H0p5t3r|My internet very sus\n|c| H0p5t3r|But hopefully it'll hold\n|\n|t:|1682534042\n|move|p1b: Diglett|Sucker Punch|p2a: Gastly\n|-supereffective|p2a: Gastly\n|-damage|p2a: Gastly|5\/100\n|move|p2a: Gastly|Sludge Bomb|p1a: Snover\n|-supereffective|p1a: Snover\n|-crit|p1a: Snover\n|-damage|p1a: Snover|0 fnt\n|faint|p1a: Snover\n|-damage|p2a: Gastly|0 fnt|[from] item: Life Orb\n|faint|p2a: Gastly\n|move|p2b: Gible|Outrage|p1b: Diglett\n|-enditem|p1b: Diglett|Focus Sash\n|-damage|p1b: Diglett|6\/100\n|\n|-weather|Snow|[upkeep]\n|upkeep\n|\n|t:|1682534060\n|switch|p2a: Shinx|Shinx, L5, M|100\/100\n|switch|p1a: Wingull|Wingull, L5, M|100\/100\n|-ability|p2a: Shinx|Intimidate|boost\n|-unboost|p1a: Wingull|atk|1\n|-unboost|p1b: Diglett|atk|1\n|turn|2\n|c| H0p5t3r|That is a start\n|\n|t:|1682534087\n|switch|p1a: Gulpin|Gulpin, L5, F|100\/100\n|move|p1b: Diglett|Stealth Rock|p2b: Gible\n|-sidestart|p2: slothmish|move: Stealth Rock\n|move|p2a: Shinx|Wild Charge|p1a: Gulpin\n|-damage|p1a: Gulpin|66\/100\n|-damage|p2a: Shinx|91\/100|[from] Recoil\n|move|p2b: Gible|Outrage|p1a: Gulpin|[from]lockedmove\n|-damage|p1a: Gulpin|31\/100\n|-start|p2b: Gible|confusion|[fatigue]\n|\n|-weather|Snow|[upkeep]\n|upkeep\n|turn|3\n|\n|t:|1682534124\n|move|p1b: Diglett|Sucker Punch|p2b: Gible\n|-damage|p2b: Gible|82\/100\n|-damage|p1b: Diglett|0 fnt|[from] ability: Rough Skin|[of] p2b: Gible\n|faint|p1b: Diglett\n|move|p2a: Shinx|Thunder Wave|p1a: Gulpin\n|-status|p1a: Gulpin|par\n|-activate|p2b: Gible|confusion\n|move|p2b: Gible|Rock Slide|p1a: Gulpin\n|-damage|p1a: Gulpin|12\/100 par\n|move|p1a: Gulpin|Acid Spray|p2b: Gible\n|-resisted|p2b: Gible\n|-damage|p2b: Gible|78\/100\n|-unboost|p2b: Gible|spd|2\n|\n|-weather|Snow|[upkeep]\n|upkeep\n|\n|t:|1682534138\n|switch|p1b: Wingull|Wingull, L5, M|100\/100\n|turn|4\n|\n|t:|1682534147\n|move|p1b: Wingull|Surf|p2a: Shinx|[spread] p1a,p2a,p2b\n|-crit|p1a: Gulpin\n|-crit|p2a: Shinx\n|-damage|p1a: Gulpin|0 fnt\n|-damage|p2a: Shinx|29\/100\n|-damage|p2b: Gible|32\/100\n|faint|p1a: Gulpin\n|move|p2a: Shinx|Wild Charge|p1b: Wingull\n|-supereffective|p1b: Wingull\n|-damage|p1b: Wingull|0 fnt\n|faint|p1b: Wingull\n|-damage|p2a: Shinx|0 fnt|[from] Recoil\n|faint|p2a: Shinx\n|\n|win|slothmish\n|l| Coatesy92\n|c|\u2606Scrandrew|gg\n|c| mharidain|gg!\n|c|\u2606slothmish|yooooooooooooo\n|c| H0p5t3r|GG\n|c| BFO Ethanol|yooo\n|c| BFO Ethanol|noice\n|c|\u2606slothmish|gg\n|l| H0p5t3r\n|l|\u2606Scrandrew\n","uploadtime":1682534198,"views":22,"p1id":"scrandrew","p2id":"slothmish","formatid":"gen9vgc2023regulationc","rating":0,"private":0,"password":""}