{"id":"gen9vgc2023regulationc-1856359919","p1":"Inwaves22","p2":"ExcelSheet","format":"[Gen 9] VGC 2023 Regulation C","log":"|j|\u2606Inwaves22\n|j|\u2606ExcelSheet\n|t:|1683054024\n|gametype|doubles\n|player|p1|Inwaves22|falkner|1228\n|player|p2|ExcelSheet|hilbert-wonderlauncher|1209\n|teamsize|p1|6\n|teamsize|p2|6\n|gen|9\n|tier|[Gen 9] VGC 2023 Regulation C\n|rated|\n|rule|Species Clause: Limit one of each Pok\u00e9mon\n|rule|Item Clause: Limit one of each item\n|clearpoke\n|poke|p1|Glimmora, L50, F|\n|poke|p1|Chi-Yu, L50|\n|poke|p1|Flutter Mane, L50|\n|poke|p1|Dragonite, L50, F|\n|poke|p1|Dondozo, L50, F|\n|poke|p1|Tatsugiri, L50, F|\n|poke|p2|Flutter Mane, L50|\n|poke|p2|Great Tusk, L50|\n|poke|p2|Scizor, L50, F|\n|poke|p2|Corviknight, L50, M|\n|poke|p2|Chi-Yu, L50|\n|poke|p2|Iron Bundle, L50|\n|teampreview|4\n|inactive|Battle timer is ON: inactive players will automatically lose when time's up. (requested by ExcelSheet)\nExcelSheet has agreed to open team sheets.\nInwaves22 has agreed to open team sheets.\n|inactive|ExcelSheet has 60 seconds left.\n|\n|t:|1683054072\n|start\n|switch|p1a: Dondozo|Dondozo, L50, F|100\/100\n|switch|p1b: Glimmora|Glimmora, L50, F|100\/100\n|switch|p2a: Iron Bundle|Iron Bundle, L50, shiny|100\/100\n|switch|p2b: Chi-Yu|Chi-Yu, L50|100\/100\n|-ability|p2b: Chi-Yu|Beads of Ruin\n|turn|1\n|inactive|Inwaves22 has 30 seconds left.\n|inactive|ExcelSheet has 30 seconds left.\n|inactive|Inwaves22 has 20 seconds left.\n|inactive|ExcelSheet has 20 seconds left.\n|\n|t:|1683054111\n|-terastallize|p2b: Chi-Yu|Grass\n|move|p1b: Glimmora|Spiky Shield|p1b: Glimmora\n|-singleturn|p1b: Glimmora|move: Protect\n|move|p2a: Iron Bundle|Freeze-Dry|p1a: Dondozo\n|-supereffective|p1a: Dondozo\n|-damage|p1a: Dondozo|0 fnt\n|faint|p1a: Dondozo\n|move|p2b: Chi-Yu|Dark Pulse|p1b: Glimmora\n|-activate|p1b: Glimmora|move: Protect\n|\n|upkeep\n|\n|t:|1683054120\n|switch|p1a: Chi-Yu|Chi-Yu, L50|100\/100\n|-ability|p1a: Chi-Yu|Beads of Ruin\n|turn|2\n|\n|t:|1683054140\n|-terastallize|p1a: Chi-Yu|Grass\n|move|p2a: Iron Bundle|Freeze-Dry|p1a: Chi-Yu\n|-supereffective|p1a: Chi-Yu\n|-damage|p1a: Chi-Yu|0 fnt\n|faint|p1a: Chi-Yu\n|move|p1b: Glimmora|Power Gem|p2a: Iron Bundle\n|-supereffective|p2a: Iron Bundle\n|-damage|p2a: Iron Bundle|0 fnt\n|faint|p2a: Iron Bundle\n|-end|p2a: Iron Bundle|Quark Drive|[silent]\n|move|p2b: Chi-Yu|Heat Wave|p1b: Glimmora\n|-resisted|p1b: Glimmora\n|-damage|p1b: Glimmora|48\/100\n|-status|p1b: Glimmora|brn\n|\n|-damage|p1b: Glimmora|42\/100 brn|[from] brn\n|upkeep\n|\n|t:|1683054155\n|switch|p2a: Flutter Mane|Flutter Mane, L50|100\/100\n|switch|p1a: Flutter Mane|Flutter Mane, L50|100\/100\n|-enditem|p1a: Flutter Mane|Booster Energy\n|-activate|p1a: Flutter Mane|ability: Protosynthesis|[fromitem]\n|-start|p1a: Flutter Mane|protosynthesisspe\n|-enditem|p2a: Flutter Mane|Booster Energy\n|-activate|p2a: Flutter Mane|ability: Protosynthesis|[fromitem]\n|-start|p2a: Flutter Mane|protosynthesisspe\n|turn|3\n|\n|t:|1683054171\n|move|p1a: Flutter Mane|Substitute|p1a: Flutter Mane\n|-start|p1a: Flutter Mane|Substitute\n|-damage|p1a: Flutter Mane|76\/100\n|move|p2a: Flutter Mane|Shadow Ball|p1a: Flutter Mane\n|-supereffective|p1a: Flutter Mane\n|-end|p1a: Flutter Mane|Substitute\n|move|p1b: Glimmora|Toxic|p2a: Flutter Mane\n|-status|p2a: Flutter Mane|tox\n|move|p2b: Chi-Yu|Heat Wave|p1a: Flutter Mane|[spread] p1a,p1b\n|-crit|p1a: Flutter Mane\n|-resisted|p1b: Glimmora\n|-damage|p1a: Flutter Mane|0 fnt\n|-damage|p1b: Glimmora|0 fnt\n|faint|p1a: Flutter Mane\n|-end|p1a: Flutter Mane|Protosynthesis|[silent]\n|faint|p1b: Glimmora\n|\n|win|ExcelSheet\n|raw|Inwaves22's rating: 1228 → 1202<\/strong> (-26 for losing)\n|raw|ExcelSheet's rating: 1209 → 1235<\/strong> (+26 for winning)\n","uploadtime":1683054184,"views":22,"p1id":"inwaves22","p2id":"excelsheet","formatid":"gen9vgc2023regulationc","rating":1202,"private":0,"password":""}