{"id":"gen9vgc2023regulationc-1863029186","p1":"revocolombia","p2":"tUb_jEnkins1","format":"[Gen 9] VGC 2023 Regulation C","log":"|j|\u2606revocolombia\n|j|\u2606tUb_jEnkins1\n|t:|1683955174\n|gametype|doubles\n|player|p1|revocolombia|pokemonranger-gen4|1159\n|player|p2|tUb_jEnkins1|drayden|1242\n|teamsize|p1|6\n|teamsize|p2|6\n|gen|9\n|tier|[Gen 9] VGC 2023 Regulation C\n|rated|\n|rule|Species Clause: Limit one of each Pok\u00e9mon\n|rule|Item Clause: Limit one of each item\n|clearpoke\n|poke|p1|Flutter Mane, L50|\n|poke|p1|Garchomp, L50, M|\n|poke|p1|Dragonite, L50, F|\n|poke|p1|Chien-Pao, L50|\n|poke|p1|Murkrow, L50, M|\n|poke|p1|Gholdengo, L50|\n|poke|p2|Flutter Mane, L50|\n|poke|p2|Chi-Yu, L50|\n|poke|p2|Iron Hands, L50|\n|poke|p2|Iron Bundle, L50|\n|poke|p2|Ting-Lu, L50|\n|poke|p2|Murkrow, L50, M|\n|teampreview|4\n|inactive|Battle timer is ON: inactive players will automatically lose when time's up. (requested by tUb_jEnkins1)\ntUb_jEnkins1 rejected open team sheets.\n|\n|t:|1683955196\n|start\n|switch|p1a: Garchomp|Garchomp, L50, M|100\/100\n|switch|p1b: Murkrow|Murkrow, L50, M|100\/100\n|switch|p2a: Hot Knife|Chi-Yu, L50|100\/100\n|switch|p2b: Flashbang|Flutter Mane, L50, shiny|100\/100\n|-ability|p2a: Hot Knife|Beads of Ruin\n|turn|1\n|inactive|revocolombia has 30 seconds left.\n|\n|t:|1683955222\n|-terastallize|p2b: Flashbang|Fairy\n|-terastallize|p1a: Garchomp|Fire\n|move|p1b: Murkrow|Tailwind|p1b: Murkrow\n|-sidestart|p1: revocolombia|move: Tailwind\n|move|p1a: Garchomp|Earthquake|p2a: Hot Knife|[spread] p2a,p2b\n|-immune|p1b: Murkrow\n|-supereffective|p2a: Hot Knife\n|-damage|p2a: Hot Knife|0 fnt\n|-damage|p2b: Flashbang|30\/100\n|faint|p2a: Hot Knife\n|move|p2b: Flashbang|Dazzling Gleam|p1b: Murkrow|[spread] p1a,p1b\n|-resisted|p1a: Garchomp\n|-supereffective|p1b: Murkrow\n|-damage|p1a: Garchomp|68\/100\n|-damage|p1b: Murkrow|0 fnt\n|faint|p1b: Murkrow\n|\n|upkeep\n|\n|t:|1683955242\n|switch|p2a: A problem|Ting-Lu, L50|100\/100\n|switch|p1b: Dragonite|Dragonite, L50, F|100\/100\n|-ability|p2a: A problem|Vessel of Ruin\n|turn|2\n|\n|t:|1683955258\n|-end|p2b: Flashbang|Protosynthesis|[silent]\n|switch|p2b: Chuckster|Iron Hands, L50|100\/100\n|move|p1a: Garchomp|Earthquake|p2b: Chuckster|[spread] p2a,p2b\n|-immune|p1b: Dragonite\n|-supereffective|p2b: Chuckster\n|-damage|p2a: A problem|73\/100\n|-damage|p2b: Chuckster|40\/100\n|move|p1b: Dragonite|Dragon Dance|p1b: Dragonite\n|-boost|p1b: Dragonite|atk|1\n|-boost|p1b: Dragonite|spe|1\n|move|p2a: A problem|Stomping Tantrum|p1a: Garchomp\n|-supereffective|p1a: Garchomp\n|-damage|p1a: Garchomp|0 fnt\n|-damage|p2a: A problem|61\/100|[from] ability: Rough Skin|[of] p1a: Garchomp\n|faint|p1a: Garchomp\n|\n|-heal|p2b: Chuckster|46\/100|[from] item: Leftovers\n|upkeep\n|\n|t:|1683955276\n|switch|p1a: Chien-Pao|Chien-Pao, L50|100\/100\n|-ability|p1a: Chien-Pao|Sword of Ruin\n|turn|3\n|\n|t:|1683955300\n|move|p1b: Dragonite|Low Kick|p2b: Chuckster\n|-damage|p2b: Chuckster|0 fnt\n|faint|p2b: Chuckster\n|-end|p2b: Chuckster|Quark Drive|[silent]\n|move|p1a: Chien-Pao|Ice Spinner|p2a: A problem\n|-supereffective|p2a: A problem\n|-damage|p2a: A problem|0 fnt\n|faint|p2a: A problem\n|\n|upkeep\n|\n|t:|1683955306\n|switch|p2b: Flashbang|Flutter Mane, L50, shiny, tera:Fairy|30\/100\n|turn|4\n|\n|t:|1683955316\n|move|p1b: Dragonite|Dragon Dance|p1b: Dragonite\n|-boost|p1b: Dragonite|atk|1\n|-boost|p1b: Dragonite|spe|1\n|move|p1a: Chien-Pao|Ice Spinner|p2b: Flashbang\n|-damage|p2b: Flashbang|0 fnt\n|faint|p2b: Flashbang\n|-end|p2b: Flashbang|Protosynthesis|[silent]\n|\n|win|revocolombia\n|raw|revocolombia's rating: 1159 → 1190<\/strong> (+31 for winning)\n|raw|tUb_jEnkins1's rating: 1242 → 1211<\/strong> (-31 for losing)\n|l|\u2606tUb_jEnkins1\n","uploadtime":1683955339,"views":11,"p1id":"revocolombia","p2id":"tubjenkins1","formatid":"gen9vgc2023regulationc","rating":1190,"private":0,"password":""}