{"id":"gen9vgc2023regulationc-1851326802","p1":"Eldegoss32","p2":"Accel Synchrovgc","format":"[Gen 9] VGC 2023 Regulation C","log":"|j|\u2606Eldegoss32\n|j|\u2606Accel Synchrovgc\n|t:|1682436082\n|gametype|doubles\n|player|p1|Eldegoss32|acetrainerf|\n|player|p2|Accel Synchrovgc|maid|\n|teamsize|p1|6\n|teamsize|p2|6\n|gen|9\n|tier|[Gen 9] VGC 2023 Regulation C\n|rated|Tournament battle\n|rule|Species Clause: Limit one of each Pok\u00e9mon\n|rule|Item Clause: Limit one of each item\n|clearpoke\n|poke|p1|Chien-Pao, L50|\n|poke|p1|Talonflame, L50, M|\n|poke|p1|Great Tusk, L50|\n|poke|p1|Kingambit, L50, F|\n|poke|p1|Palafin, L50, F|\n|poke|p1|Flutter Mane, L50|\n|poke|p2|Palafin, L50, F|\n|poke|p2|Arcanine, L50, F|\n|poke|p2|Amoonguss, L50, M|\n|poke|p2|Flutter Mane, L50|\n|poke|p2|Ting-Lu, L50|\n|poke|p2|Baxcalibur, L50, M|\n|teampreview|4\n|raw| Open Team Sheet for Eldegoss32<\/summary>Chien-Pao @ Focus Sash Ability: Sword of Ruin Level: 50 Tera Type: Ghost - Ice Spinner - Sucker Punch - Sacred Sword - Protect Talonflame @ Covert Cloak Ability: Gale Wings Level: 50 Tera Type: Flying - Tailwind - Brave Bird - Flare Blitz - Will-O-Wisp Great Tusk @ Life Orb Ability: Protosynthesis Level: 50 Hidden Power: Fighting Tera Type: Ground - Earthquake - Close Combat - Headlong Rush - Protect Kingambit @ Assault Vest Ability: Defiant Level: 50 Tera Type: Flying - Kowtow Cleave - Sucker Punch - Tera Blast - Iron Head Palafin @ Mystic Water Ability: Zero to Hero Level: 50 Tera Type: Water - Jet Punch - Wave Crash - Taunt - Protect Flutter Mane @ Choice Specs Ability: Protosynthesis Level: 50 Tera Type: Fairy - Moonblast - Dazzling Gleam - Shadow Ball - Thunderbolt <\/details><\/div> Open Team Sheet for Accel Synchrovgc<\/summary>Palafin @ Mystic Water Ability: Zero to Hero Level: 50 Tera Type: Water - Wave Crash - Jet Punch - Protect - Haze Arcanine @ Safety Goggles Ability: Intimidate Level: 50 Tera Type: Grass - Flare Blitz - Howl - Will-O-Wisp - Protect Amoonguss @ Sitrus Berry Ability: Regenerator Level: 50 Tera Type: Water - Pollen Puff - Protect - Rage Powder - Spore Flutter Mane @ Choice Specs Ability: Protosynthesis Level: 50 Tera Type: Fairy - Moonblast - Shadow Ball - Dazzling Gleam - Thunderbolt Ting-Lu @ Assault Vest Ability: Vessel of Ruin Level: 50 Tera Type: Poison - Stomping Tantrum - Heavy Slam - Stone Edge - Ruination Baxcalibur @ Clear Amulet Ability: Thermal Exchange Level: 50 Tera Type: Poison - Icicle Crash - Glaive Rush - Ice Shard - Protect <\/details><\/div>\n|j| 17th sylveon\n|j| StarX99\n|\n|t:|1682436167\n|start\n|switch|p1a: Talonflame|Talonflame, L50, M|100\/100\n|switch|p1b: Palafin|Palafin, L50, F|100\/100\n|switch|p2a: Palafin|Palafin, L50, F|100\/100\n|switch|p2b: Ting-Lu|Ting-Lu, L50|100\/100\n|-ability|p2b: Ting-Lu|Vessel of Ruin\n|turn|1\n|\n|t:|1682436210\n|detailschange|p1b: Palafin|Palafin-Hero, L50, F\n|switch|p1b: Chien-Pao|Chien-Pao, L50|100\/100\n|-ability|p1b: Chien-Pao|Sword of Ruin\n|detailschange|p2a: Palafin|Palafin-Hero, L50, F\n|switch|p2a: Amoonguss|Amoonguss, L50, M|100\/100\n|-terastallize|p1a: Talonflame|Flying\n|move|p1a: Talonflame|Brave Bird|p2a: Amoonguss\n|-supereffective|p2a: Amoonguss\n|-damage|p2a: Amoonguss|0 fnt\n|faint|p2a: Amoonguss\n|-damage|p1a: Talonflame|53\/100|[from] Recoil\n|move|p2b: Ting-Lu|Stone Edge|p1a: Talonflame\n|-supereffective|p1a: Talonflame\n|-crit|p1a: Talonflame\n|-damage|p1a: Talonflame|0 fnt\n|faint|p1a: Talonflame\n|\n|upkeep\n|\n|t:|1682436228\n|switch|p1a: Palafin|Palafin-Hero, L50, F|100\/100\n|switch|p2a: Palafin|Palafin-Hero, L50, F|100\/100\n|-activate|p1a: Palafin|ability: Zero to Hero\n|-activate|p2a: Palafin|ability: Zero to Hero\n|turn|2\n|l| 17th sylveon\n|\n|t:|1682436261\n|-terastallize|p2b: Ting-Lu|Poison\n|move|p1b: Chien-Pao|Protect|p1b: Chien-Pao\n|-singleturn|p1b: Chien-Pao|Protect\n|move|p1a: Palafin|Protect|p1a: Palafin\n|-singleturn|p1a: Palafin|Protect\n|move|p2a: Palafin|Wave Crash|p1a: Palafin\n|-activate|p1a: Palafin|move: Protect\n|move|p2b: Ting-Lu|Stomping Tantrum|p1a: Palafin\n|-activate|p1a: Palafin|move: Protect\n|\n|upkeep\n|turn|3\n|\n|t:|1682436286\n|move|p1b: Chien-Pao|Sucker Punch|p2a: Palafin\n|-damage|p2a: Palafin|53\/100\n|move|p1a: Palafin|Wave Crash|p2b: Ting-Lu\n|-damage|p2b: Ting-Lu|24\/100\n|-damage|p1a: Palafin|66\/100|[from] Recoil\n|move|p2a: Palafin|Wave Crash|p1a: Palafin\n|-resisted|p1a: Palafin\n|-damage|p1a: Palafin|0 fnt\n|faint|p1a: Palafin\n|-damage|p2a: Palafin|33\/100|[from] Recoil\n|move|p2b: Ting-Lu|Stomping Tantrum|p1b: Chien-Pao\n|-damage|p1b: Chien-Pao|53\/100\n|\n|upkeep\n|j| 17th sylveon\n|\n|t:|1682436298\n|switch|p1a: Kingambit|Kingambit, L50, F|100\/100\n|turn|4\n|\n|t:|1682436309\n|switch|p2a: Flutter Mane|Flutter Mane, L50|100\/100\n|move|p1b: Chien-Pao|Sucker Punch||[still]\n|-fail|p1b: Chien-Pao\n|move|p1a: Kingambit|Kowtow Cleave|p2b: Ting-Lu\n|-damage|p2b: Ting-Lu|0 fnt\n|faint|p2b: Ting-Lu\n|\n|upkeep\n|j| chicagolocaltop16\n|\n|t:|1682436317\n|switch|p2b: Palafin|Palafin-Hero, L50, F|33\/100\n|turn|5\n|\n|t:|1682436328\n|move|p1b: Chien-Pao|Sucker Punch|p2b: Palafin\n|-damage|p2b: Palafin|0 fnt\n|faint|p2b: Palafin\n|move|p2a: Flutter Mane|Dazzling Gleam|p1b: Chien-Pao|[spread] p1a,p1b\n|-supereffective|p1b: Chien-Pao\n|-damage|p1a: Kingambit|67\/100\n|-damage|p1b: Chien-Pao|0 fnt\n|faint|p1b: Chien-Pao\n|move|p1a: Kingambit|Iron Head|p2a: Flutter Mane\n|-supereffective|p2a: Flutter Mane\n|-damage|p2a: Flutter Mane|0 fnt\n|faint|p2a: Flutter Mane\n|-end|p2a: Flutter Mane|Protosynthesis|[silent]\n|\n|win|Eldegoss32\n|n|\u2606Eldegoss32|eldegoss32\n|n|\u2606Accel Synchrovgc|accelsynchrovgc\n|n| StarX99|starx99\n|n| 17th sylveon|17thsylveon\n|n| chicagolocaltop16|chicagolocaltop16\n","uploadtime":1682436329,"views":12,"p1id":"eldegoss32","p2id":"accelsynchrovgc","formatid":"gen9vgc2023regulationc","rating":0,"private":0,"password":""}