{"id":"gen9vgc2023regulationc-1847263038","p1":"Ludvik \/ test","p2":"ArcaRage","format":"[Gen 9] VGC 2023 Regulation C","log":"|j|\u2606Ludvik \/ test\n|j|\u2606ArcaRage\n|t:|1681932654\n|gametype|doubles\n|player|p1|Ludvik \/ test|giovanni|1313\n|player|p2|ArcaRage|caitlin|1381\n|teamsize|p1|6\n|teamsize|p2|6\n|gen|9\n|tier|[Gen 9] VGC 2023 Regulation C\n|rated|\n|rule|Species Clause: Limit one of each Pok\u00e9mon\n|rule|Item Clause: Limit one of each item\n|clearpoke\n|poke|p1|Dragonite, L50, M|\n|poke|p1|Chien-Pao, L50|\n|poke|p1|Tatsugiri-Droopy, L50, M|\n|poke|p1|Dondozo, L50, M|\n|poke|p1|Gastrodon, L50, M|\n|poke|p1|Pelipper, L50, M|\n|poke|p2|Dondozo, L50, M|\n|poke|p2|Tatsugiri-Droopy, L50, M|\n|poke|p2|Pelipper, L50, M|\n|poke|p2|Drednaw, L50, M|\n|poke|p2|Murkrow, L50, F|\n|poke|p2|Great Tusk, L50|\n|teampreview|4\n|\n|t:|1681932720\n|start\n|switch|p1a: Gastrodon|Gastrodon, L50, M|100\/100\n|switch|p1b: Pelipper|Pelipper, L50, M|100\/100\n|switch|p2a: Dondozo|Dondozo, L50, M, shiny|100\/100\n|switch|p2b: Pelipper|Pelipper, L50, M|100\/100\n|-weather|RainDance|[from] ability: Drizzle|[of] p1b: Pelipper\n|turn|1\n|\n|t:|1681932748\n|switch|p2b: Drednaw|Drednaw, L50, M|100\/100\n|-terastallize|p2a: Dondozo|Grass\n|move|p1b: Pelipper|Surf|p2a: Dondozo|[spread] p2a,p2b\n|-ability|p1a: Gastrodon|Storm Drain|boost\n|-boost|p1a: Gastrodon|spa|1\n|-resisted|p2a: Dondozo\n|-damage|p2a: Dondozo|77\/100\n|-damage|p2b: Drednaw|34\/100\n|move|p2a: Dondozo|Tera Blast|p1a: Gastrodon\n|-supereffective|p1a: Gastrodon\n|-damage|p1a: Gastrodon|0 fnt\n|faint|p1a: Gastrodon\n|-damage|p2a: Dondozo|67\/100|[from] item: Life Orb\n|\n|-weather|RainDance|[upkeep]\n|upkeep\n|\n|t:|1681932760\n|switch|p1a: Dondozo|Dondozo, L50, M|100\/100\n|turn|2\n|\n|t:|1681932780\n|switch|p2b: Tatsugiri|Tatsugiri-Droopy, L50, M, shiny|100\/100\n|-activate|p2b: Tatsugiri|ability: Commander|[of] p2a: Dondozo\n|-boost|p2a: Dondozo|atk|2\n|-boost|p2a: Dondozo|spa|2\n|-boost|p2a: Dondozo|spe|2\n|-boost|p2a: Dondozo|def|2\n|-boost|p2a: Dondozo|spd|2\n|switch|p1b: Tatsugiri|Tatsugiri-Droopy, L50, M|100\/100\n|-activate|p1b: Tatsugiri|ability: Commander|[of] p1a: Dondozo\n|-boost|p1a: Dondozo|atk|2\n|-boost|p1a: Dondozo|spa|2\n|-boost|p1a: Dondozo|spe|2\n|-boost|p1a: Dondozo|def|2\n|-boost|p1a: Dondozo|spd|2\n|-terastallize|p1a: Dondozo|Water\n|move|p2a: Dondozo|Tera Blast|p1a: Dondozo\n|-supereffective|p1a: Dondozo\n|-damage|p1a: Dondozo|47\/100\n|-damage|p2a: Dondozo|57\/100|[from] item: Life Orb\n|move|p1a: Dondozo|Surf|p2b: Tatsugiri|[spread] p2a\n|-miss|p1a: Dondozo|p1b: Tatsugiri\n|-miss|p1a: Dondozo|p2b: Tatsugiri\n|-resisted|p2a: Dondozo\n|-damage|p2a: Dondozo|21\/100\n|-damage|p1a: Dondozo|37\/100|[from] item: Life Orb\n|\n|-weather|RainDance|[upkeep]\n|upkeep\n|turn|3\n|\n|t:|1681932807\n|move|p2a: Dondozo|Tera Blast|p1a: Dondozo\n|-supereffective|p1a: Dondozo\n|-damage|p1a: Dondozo|0 fnt\n|faint|p1a: Dondozo\n|-damage|p2a: Dondozo|12\/100|[from] item: Life Orb\n|\n|-weather|RainDance|[upkeep]\n|upkeep\n|-message|Ludvik \/ test forfeited.\n|\n|win|ArcaRage\n|raw|Ludvik / test's rating: 1313 → 1296<\/strong> (-17 for losing)\n|raw|ArcaRage's rating: 1361 → 1378<\/strong> (+17 for winning)\n|l|\u2606Ludvik \/ test\n","uploadtime":1681932819,"views":12,"p1id":"ludviktest","p2id":"arcarage","formatid":"gen9vgc2023regulationc","rating":1296,"private":0,"password":""}