{"id":"gen9vgc2023regulationc-1847844180","p1":"MrMystery898","p2":"theJ1ggler","format":"[Gen 9] VGC 2023 Regulation C","log":"|j|\u2606MrMystery898\n|j|\u2606theJ1ggler\n|t:|1682006597\n|gametype|doubles\n|player|p1|MrMystery898|unknown|1031\n|player|p2|theJ1ggler|burglar|1023\n|teamsize|p1|6\n|teamsize|p2|6\n|gen|9\n|tier|[Gen 9] VGC 2023 Regulation C\n|rated|\n|rule|Species Clause: Limit one of each Pok\u00e9mon\n|rule|Item Clause: Limit one of each item\n|clearpoke\n|poke|p1|Mabosstiff, L50, F|\n|poke|p1|Umbreon, L50, F|\n|poke|p1|Dragalge, L50, M|\n|poke|p1|Skeledirge, L50, F|\n|poke|p1|Armarouge, L50, M|\n|poke|p1|Indeedee-F, L50, F|\n|poke|p2|Dudunsparce-*, L50, F|\n|poke|p2|Indeedee-F, L50, F|\n|poke|p2|Armarouge, L50, M|\n|poke|p2|Murkrow, L50, F|\n|poke|p2|Flutter Mane, L50|\n|poke|p2|Chi-Yu, L50|\n|teampreview|4\n|inactive|Battle timer is ON: inactive players will automatically lose when time's up. (requested by MrMystery898)\n|inactive|theJ1ggler has 60 seconds left.\n|\n|t:|1682006648\n|start\n|switch|p1a: Mabosstiff|Mabosstiff, L50, F|100\/100\n|switch|p1b: Umbreon|Umbreon, L50, F, shiny|100\/100\n|switch|p2a: Dun-Dun-Dun|Dudunsparce-Three-Segment, L50, F, shiny|100\/100\n|switch|p2b: One-Crow Murder|Murkrow, L50, F, shiny|100\/100\n|turn|1\n|\n|t:|1682006663\n|move|p1a: Mabosstiff|Protect|p1a: Mabosstiff\n|-singleturn|p1a: Mabosstiff|Protect\n|move|p2b: One-Crow Murder|Tailwind|p2b: One-Crow Murder\n|-sidestart|p2: theJ1ggler|move: Tailwind\n|move|p2a: Dun-Dun-Dun|Coil|p2a: Dun-Dun-Dun\n|-boost|p2a: Dun-Dun-Dun|atk|1\n|-boost|p2a: Dun-Dun-Dun|def|1\n|-boost|p2a: Dun-Dun-Dun|accuracy|1\n|move|p1b: Umbreon|Yawn|p2a: Dun-Dun-Dun\n|-start|p2a: Dun-Dun-Dun|move: Yawn|[of] p1b: Umbreon\n|\n|upkeep\n|turn|2\n|inactive|theJ1ggler has 30 seconds left.\n|inactive|theJ1ggler has 20 seconds left.\n|inactive|theJ1ggler has 15 seconds left.\n|inactive|theJ1ggler has 10 seconds left.\n|\n|t:|1682006710\n|switch|p2b: Flutta Mane|Flutter Mane, L50, shiny|100\/100\n|-enditem|p2b: Flutta Mane|Booster Energy\n|-activate|p2b: Flutta Mane|ability: Protosynthesis|[fromitem]\n|-start|p2b: Flutta Mane|protosynthesisspa\n|-terastallize|p1a: Mabosstiff|Fairy\n|move|p2a: Dun-Dun-Dun|Rock Slide|p1a: Mabosstiff|[spread] p1a,p1b\n|-damage|p1a: Mabosstiff|75\/100\n|-damage|p1b: Umbreon|84\/100\n|move|p1a: Mabosstiff|Play Rough|p2b: Flutta Mane\n|-damage|p2b: Flutta Mane|0 fnt\n|faint|p2b: Flutta Mane\n|-end|p2b: Flutta Mane|Protosynthesis|[silent]\n|-damage|p1a: Mabosstiff|65\/100|[from] item: Life Orb\n|move|p1b: Umbreon|Foul Play|p2a: Dun-Dun-Dun\n|-damage|p2a: Dun-Dun-Dun|64\/100\n|\n|-heal|p1b: Umbreon|90\/100|[from] item: Leftovers\n|-end|p2a: Dun-Dun-Dun|move: Yawn|[silent]\n|-status|p2a: Dun-Dun-Dun|slp\n|upkeep\n|\n|t:|1682006718\n|switch|p2b: Proto Man|Armarouge, L50, M, shiny|100\/100\n|turn|3\n|\n|t:|1682006732\n|cant|p2a: Dun-Dun-Dun|slp\n|move|p2b: Proto Man|Aura Sphere|p1b: Umbreon\n|-supereffective|p1b: Umbreon\n|-damage|p1b: Umbreon|61\/100\n|move|p1a: Mabosstiff|Crunch|p2b: Proto Man\n|-supereffective|p2b: Proto Man\n|-crit|p2b: Proto Man\n|-damage|p2b: Proto Man|0 fnt\n|faint|p2b: Proto Man\n|-damage|p1a: Mabosstiff|55\/100|[from] item: Life Orb\n|move|p1b: Umbreon|Taunt|p2a: Dun-Dun-Dun\n|-start|p2a: Dun-Dun-Dun|move: Taunt\n|\n|-heal|p1b: Umbreon|67\/100|[from] item: Leftovers\n|upkeep\n|\n|t:|1682006736\n|switch|p2b: One-Crow Murder|Murkrow, L50, F, shiny|100\/100\n|turn|4\n|-message|theJ1ggler forfeited.\n|\n|win|MrMystery898\n|raw|MrMystery898's rating: 1031 → 1066<\/strong> (+35 for winning)\n|raw|theJ1ggler's rating: 1023 → 1010<\/strong> (-13 for losing)\n|l|\u2606theJ1ggler\n","uploadtime":1682006751,"views":6,"p1id":"mrmystery898","p2id":"thej1ggler","formatid":"gen9vgc2023regulationc","rating":1010,"private":0,"password":""}