{"id":"gen9vgc2023regulationc-1856601739","p1":"reeeeeeloluwuwhi","p2":"Purpleknight7","format":"[Gen 9] VGC 2023 Regulation C","log":"|j|\u2606reeeeeeloluwuwhi\n|j|\u2606Purpleknight7\n|t:|1683081016\n|gametype|doubles\n|player|p1|reeeeeeloluwuwhi|1|1106\n|player|p2|Purpleknight7|266|1172\n|teamsize|p1|6\n|teamsize|p2|6\n|gen|9\n|tier|[Gen 9] VGC 2023 Regulation C\n|rated|\n|rule|Species Clause: Limit one of each Pok\u00e9mon\n|rule|Item Clause: Limit one of each item\n|clearpoke\n|poke|p1|Garchomp, L50, M|\n|poke|p1|Glimmora, L50, M|\n|poke|p1|Stonjourner, L50, F|\n|poke|p1|Flutter Mane, L50|\n|poke|p1|Chi-Yu, L50|\n|poke|p1|Murkrow, L50, F|\n|poke|p2|Orthworm, L50, M|\n|poke|p2|Gothitelle, L50, F|\n|poke|p2|Garchomp, L50, M|\n|poke|p2|Hydreigon, L50, F|\n|poke|p2|Gholdengo, L50|\n|poke|p2|Torkoal, L50, F|\n|teampreview|4\n|\n|t:|1683081095\n|start\n|switch|p1a: Jade|Glimmora, L50, M, shiny|100\/100\n|switch|p1b: Whimscott|Garchomp, L50, M|100\/100\n|switch|p2a: Orthworm|Orthworm, L50, M, shiny|100\/100\n|switch|p2b: Garchomp|Garchomp, L50, M|100\/100\n|turn|1\n|\n|t:|1683081129\n|-terastallize|p1a: Jade|Grass\n|move|p2b: Garchomp|Swords Dance|p2b: Garchomp\n|-boost|p2b: Garchomp|atk|2\n|move|p1a: Jade|Mortal Spin|p2b: Garchomp|[spread] p2b\n|-immune|p2a: Orthworm\n|-resisted|p2b: Garchomp\n|-damage|p2b: Garchomp|99\/100\n|-status|p2b: Garchomp|psn\n|-damage|p1a: Jade|88\/100|[from] ability: Rough Skin|[of] p2b: Garchomp\n|move|p2a: Orthworm|Iron Defense|p2a: Orthworm\n|-boost|p2a: Orthworm|def|2\n|move|p1b: Whimscott|Dragon Tail|p2a: Orthworm\n|-resisted|p2a: Orthworm\n|-damage|p2a: Orthworm|91\/100\n|drag|p2a: Hydreigon|Hydreigon, L50, F|100\/100\n|\n|-heal|p1a: Jade|94\/100|[from] item: Leftovers\n|-damage|p2b: Garchomp|87\/100 psn|[from] psn\n|upkeep\n|turn|2\n|\n|t:|1683081181\n|switch|p1b: Stonjourner|Stonjourner, L50, F, shiny|100\/100\n|move|p2a: Hydreigon|Draco Meteor|p2b: Garchomp\n|-supereffective|p2b: Garchomp\n|-damage|p2b: Garchomp|0 fnt\n|-unboost|p2a: Hydreigon|spa|2\n|faint|p2b: Garchomp\n|-damage|p2a: Hydreigon|91\/100|[from] item: Life Orb\n|move|p1a: Jade|Sludge Bomb|p2a: Hydreigon\n|-damage|p2a: Hydreigon|15\/100\n|-status|p2a: Hydreigon|psn\n|\n|-heal|p1a: Jade|100\/100|[from] item: Leftovers\n|-damage|p2a: Hydreigon|3\/100 psn|[from] psn\n|upkeep\n|\n|t:|1683081204\n|switch|p2b: Gholdengo|Gholdengo, L50|100\/100\n|turn|3\n|\n|t:|1683081227\n|switch|p1a: Nemo|Chi-Yu, L50|100\/100\n|-ability|p1a: Nemo|Beads of Ruin\n|move|p1b: Stonjourner|Wide Guard|p1b: Stonjourner\n|-singleturn|p1b: Stonjourner|Wide Guard\n|move|p2a: Hydreigon|Flash Cannon|p1b: Stonjourner\n|-supereffective|p1b: Stonjourner\n|-damage|p1b: Stonjourner|38\/100\n|-damage|p2a: Hydreigon|0 fnt|[from] item: Life Orb\n|faint|p2a: Hydreigon\n|move|p2b: Gholdengo|Make It Rain|p1a: Nemo|[spread] \n|-activate|p1a: Nemo|move: Wide Guard\n|-activate|p1b: Stonjourner|move: Wide Guard\n|\n|upkeep\n|\n|t:|1683081243\n|switch|p2a: Orthworm|Orthworm, L50, M, shiny|91\/100\n|turn|4\n|\n|t:|1683081264\n|move|p1b: Stonjourner|Wide Guard|p1b: Stonjourner\n|-singleturn|p1b: Stonjourner|Wide Guard\n|move|p2b: Gholdengo|Make It Rain|p1a: Nemo|[spread] \n|-activate|p1a: Nemo|move: Wide Guard\n|-activate|p1b: Stonjourner|move: Wide Guard\n|move|p1a: Nemo|Heat Wave|p2b: Gholdengo|[spread] p2a,p2b\n|-supereffective|p2a: Orthworm\n|-supereffective|p2b: Gholdengo\n|-damage|p2a: Orthworm|0 fnt\n|-damage|p2b: Gholdengo|0 fnt\n|faint|p2a: Orthworm\n|faint|p2b: Gholdengo\n|\n|win|reeeeeeloluwuwhi\n|raw|reeeeeeloluwuwhi's rating: 1106 → 1136<\/strong> (+30 for winning)\n|raw|Purpleknight7's rating: 1172 → 1142<\/strong> (-30 for losing)\n|l|\u2606Purpleknight7\n","uploadtime":1683081289,"views":11,"p1id":"reeeeeeloluwuwhi","p2id":"purpleknight7","formatid":"gen9vgc2023regulationc","rating":1136,"private":0,"password":""}