{"id":"gen9vgc2023regulationc-1856043030","p1":"Plat1num_Ac1d","p2":"haoke","format":"[Gen 9] VGC 2023 Regulation C","log":"|j|\u2606Plat1num_Ac1d\n|j|\u2606haoke\n|t:|1683022101\n|gametype|doubles\n|player|p1|Plat1num_Ac1d|brycen|1083\n|player|p2|haoke|lucas|1057\n|teamsize|p1|6\n|teamsize|p2|6\n|gen|9\n|tier|[Gen 9] VGC 2023 Regulation C\n|rated|\n|rule|Species Clause: Limit one of each Pok\u00e9mon\n|rule|Item Clause: Limit one of each item\n|clearpoke\n|poke|p1|Rotom-Wash, L50|\n|poke|p1|Dragapult, L50, F|\n|poke|p1|Great Tusk, L50|\n|poke|p1|Chi-Yu, L50|\n|poke|p1|Murkrow, L50, M|\n|poke|p1|Flutter Mane, L50|\n|poke|p2|Chi-Yu, L50|\n|poke|p2|Krookodile, L50, M|\n|poke|p2|Palafin, L50, F|\n|poke|p2|Amoonguss, L50, F|\n|poke|p2|Flutter Mane, L50|\n|poke|p2|Iron Hands, L50|\n|teampreview|4\n|\n|t:|1683022124\n|start\n|switch|p1a: Flutter Mane|Flutter Mane, L50, shiny|100\/100\n|switch|p1b: Rotom|Rotom-Wash, L50, shiny|100\/100\n|switch|p2a: Palafin|Palafin, L50, F|100\/100\n|switch|p2b: Flutter Mane|Flutter Mane, L50|100\/100\n|turn|1\n|-message|haoke forfeited.\n|\n|win|Plat1num_Ac1d\n|raw|Plat1num_Ac1d's rating: 1083 → 1108<\/strong> (+25 for winning)\n|raw|haoke's rating: 1057 → 1040<\/strong> (-17 for losing)\n|l|\u2606haoke\n","uploadtime":1683022143,"views":7,"p1id":"plat1numac1d","p2id":"haoke","formatid":"gen9vgc2023regulationc","rating":1040,"private":0,"password":""}