{"id":"gen9vgc2023regulationc-1863915059","p1":"leolc0926","p2":"Angeliyo1996","format":"[Gen 9] VGC 2023 Regulation C","log":"|j|\u2606leolc0926\n|j|\u2606Angeliyo1996\n|t:|1684092817\n|gametype|doubles\n|player|p1|leolc0926|steven|1302\n|player|p2|Angeliyo1996|101|1209\n|teamsize|p1|6\n|teamsize|p2|6\n|gen|9\n|tier|[Gen 9] VGC 2023 Regulation C\n|rated|\n|rule|Species Clause: Limit one of each Pok\u00e9mon\n|rule|Item Clause: Limit one of each item\n|clearpoke\n|poke|p1|Abomasnow, L50, F|\n|poke|p1|Iron Bundle, L50|\n|poke|p1|Flutter Mane, L50|\n|poke|p1|Dragonite, L50, F|\n|poke|p1|Great Tusk, L50|\n|poke|p1|Kingambit, L50, M|\n|poke|p2|Flutter Mane, L50|\n|poke|p2|Arcanine, L50, M|\n|poke|p2|Palafin, L50, F|\n|poke|p2|Amoonguss, L50, M|\n|poke|p2|Roaring Moon, L50|\n|poke|p2|Ting-Lu, L50|\n|teampreview|4\n|inactive|Battle timer is ON: inactive players will automatically lose when time's up. (requested by Angeliyo1996)\n|\n|t:|1684092843\n|start\n|switch|p1a: \u96ea\u5929\u4fa0|Abomasnow, L50, F|100\/100\n|switch|p1b: \u53ea\u56e0\u4fa0|Iron Bundle, L50|100\/100\n|switch|p2a: Ting-Lu|Ting-Lu, L50|100\/100\n|switch|p2b: Arcanine|Arcanine, L50, M|100\/100\n|-ability|p2b: Arcanine|Intimidate|boost\n|-unboost|p1a: \u96ea\u5929\u4fa0|atk|1\n|-unboost|p1b: \u53ea\u56e0\u4fa0|atk|1\n|-weather|Snow|[from] ability: Snow Warning|[of] p1a: \u96ea\u5929\u4fa0\n|-ability|p2a: Ting-Lu|Vessel of Ruin\n|turn|1\n|\n|t:|1684092856\n|-terastallize|p1b: \u53ea\u56e0\u4fa0|Ice\n|-terastallize|p2a: Ting-Lu|Poison\n|move|p2b: Arcanine|Protect|p2b: Arcanine\n|-singleturn|p2b: Arcanine|Protect\n|move|p1b: \u53ea\u56e0\u4fa0|Blizzard|p2a: Ting-Lu|[spread] p2a\n|-activate|p2b: Arcanine|move: Protect\n|-crit|p2a: Ting-Lu\n|-damage|p2a: Ting-Lu|62\/100\n|move|p1a: \u96ea\u5929\u4fa0|Aurora Veil|p1a: \u96ea\u5929\u4fa0\n|-sidestart|p1: leolc0926|move: Aurora Veil\n|move|p2a: Ting-Lu|Heavy Slam|p1a: \u96ea\u5929\u4fa0\n|-supereffective|p1a: \u96ea\u5929\u4fa0\n|-damage|p1a: \u96ea\u5929\u4fa0|63\/100\n|\n|-weather|Snow|[upkeep]\n|upkeep\n|turn|2\n|\n|t:|1684092879\n|move|p1b: \u53ea\u56e0\u4fa0|Blizzard|p2a: Ting-Lu|[spread] p2a,p2b\n|-resisted|p2b: Arcanine\n|-damage|p2a: Ting-Lu|33\/100\n|-damage|p2b: Arcanine|69\/100\n|move|p2b: Arcanine|Flare Blitz|p1b: \u53ea\u56e0\u4fa0\n|-supereffective|p1b: \u53ea\u56e0\u4fa0\n|-damage|p1b: \u53ea\u56e0\u4fa0|36\/100\n|-damage|p2b: Arcanine|54\/100|[from] Recoil\n|move|p1a: \u96ea\u5929\u4fa0|Blizzard|p2b: Arcanine|[spread] p2a,p2b\n|-resisted|p2b: Arcanine\n|-damage|p2a: Ting-Lu|21\/100\n|-damage|p2b: Arcanine|38\/100\n|-status|p2b: Arcanine|frz\n|move|p2a: Ting-Lu|Heavy Slam|p1a: \u96ea\u5929\u4fa0\n|-supereffective|p1a: \u96ea\u5929\u4fa0\n|-damage|p1a: \u96ea\u5929\u4fa0|25\/100\n|\n|-weather|Snow|[upkeep]\n|upkeep\n|turn|3\n|\n|t:|1684092889\n|move|p1b: \u53ea\u56e0\u4fa0|Blizzard|p2b: Arcanine|[spread] p2a,p2b\n|-crit|p2a: Ting-Lu\n|-resisted|p2b: Arcanine\n|-damage|p2a: Ting-Lu|0 fnt\n|-damage|p2b: Arcanine|4\/100 frz\n|faint|p2a: Ting-Lu\n|-curestatus|p2b: Arcanine|frz|[from] move: Flare Blitz\n|move|p2b: Arcanine|Flare Blitz|p1a: \u96ea\u5929\u4fa0\n|-supereffective|p1a: \u96ea\u5929\u4fa0\n|-damage|p1a: \u96ea\u5929\u4fa0|0 fnt\n|faint|p1a: \u96ea\u5929\u4fa0\n|-damage|p2b: Arcanine|0 fnt|[from] Recoil\n|faint|p2b: Arcanine\n|\n|-weather|Snow|[upkeep]\n|upkeep\n|\n|t:|1684092903\n|switch|p2b: Amoonguss|Amoonguss, L50, M|100\/100\n|switch|p1a: \u632f\u7ffc\u4fa0|Flutter Mane, L50|100\/100\n|switch|p2a: Roaring Moon|Roaring Moon, L50|100\/100\n|-enditem|p1a: \u632f\u7ffc\u4fa0|Booster Energy\n|-activate|p1a: \u632f\u7ffc\u4fa0|ability: Protosynthesis|[fromitem]\n|-start|p1a: \u632f\u7ffc\u4fa0|protosynthesisspa\n|-enditem|p2a: Roaring Moon|Booster Energy\n|-activate|p2a: Roaring Moon|ability: Protosynthesis|[fromitem]\n|-start|p2a: Roaring Moon|protosynthesisatk\n|turn|4\n|\n|t:|1684092918\n|move|p2b: Amoonguss|Rage Powder|p2b: Amoonguss\n|-singleturn|p2b: Amoonguss|move: Rage Powder\n|move|p1b: \u53ea\u56e0\u4fa0|Blizzard|p2a: Roaring Moon|[spread] p2a,p2b\n|-supereffective|p2a: Roaring Moon\n|-supereffective|p2b: Amoonguss\n|-damage|p2a: Roaring Moon|0 fnt\n|-damage|p2b: Amoonguss|0 fnt\n|faint|p2a: Roaring Moon\n|-end|p2a: Roaring Moon|Protosynthesis|[silent]\n|faint|p2b: Amoonguss\n|\n|win|leolc0926\n|raw|leolc0926's rating: 1302 → 1317<\/strong> (+15 for winning)\n|raw|Angeliyo1996's rating: 1209 → 1191<\/strong> (-18 for losing)\n|l|\u2606Angeliyo1996\n|c|\u2606leolc0926|gg\n","uploadtime":1684092929,"views":3,"p1id":"leolc0926","p2id":"angeliyo1996","formatid":"gen9vgc2023regulationc","rating":1191,"private":0,"password":""}