{"id":"gen9vgc2023regulationc-1864173290","p1":"JVsaadi","p2":"Atloy","format":"[Gen 9] VGC 2023 Regulation C","log":"|j|\u2606JVsaadi\n|j|\u2606Atloy\n|t:|1684129913\n|gametype|doubles\n|player|p1|JVsaadi|1|1085\n|player|p2|Atloy|gambler|1134\n|teamsize|p1|6\n|teamsize|p2|6\n|gen|9\n|tier|[Gen 9] VGC 2023 Regulation C\n|rated|\n|rule|Species Clause: Limit one of each Pok\u00e9mon\n|rule|Item Clause: Limit one of each item\n|clearpoke\n|poke|p1|Farigiraf, L50, F|\n|poke|p1|Scream Tail, L50|\n|poke|p1|Murkrow, L50, F|\n|poke|p1|Dragapult, L50, M|\n|poke|p1|Cyclizar, L50, M|\n|poke|p1|Gothitelle, L50, M|\n|poke|p2|Volcarona, L50, M|\n|poke|p2|Klefki, L50, M|\n|poke|p2|Corviknight, L50, F|\n|poke|p2|Garchomp, L50, F|\n|poke|p2|Gyarados, L50, M|\n|poke|p2|Annihilape, L50, M|\n|teampreview|4\n|inactive|Battle timer is ON: inactive players will automatically lose when time's up. (requested by Atloy)\n|inactive|Atloy has 60 seconds left.\n|\n|t:|1684129972\n|start\n|switch|p1a: Mafioso|Murkrow, L50, F|100\/100\n|switch|p1b: Firfirsla|Cyclizar, L50, M|100\/100\n|switch|p2a: Klefki|Klefki, L50, M|100\/100\n|switch|p2b: Annihilape|Annihilape, L50, M|100\/100\n|turn|1\n|inactive|JVsaadi has 30 seconds left.\n|\n|t:|1684130006\n|move|p1a: Mafioso|Feather Dance|p2b: Annihilape\n|-unboost|p2b: Annihilape|atk|2\n|-ability|p2b: Annihilape|Defiant|boost\n|-boost|p2b: Annihilape|atk|2\n|move|p2a: Klefki|Reflect|p2a: Klefki\n|-sidestart|p2: Atloy|Reflect\n|move|p1b: Firfirsla|Shed Tail|p1b: Firfirsla\n|-start|p1b: Firfirsla|Substitute|[from] move: Shed Tail\n|-damage|p1b: Firfirsla|50\/100\n|\n|t:|1684130015\n|switch|p1b: Dragapult|Dragapult, L50, M|100\/100|[from] Shed Tail\n|move|p2b: Annihilape|Drain Punch|p1b: Dragapult\n|-immune|p1b: Dragapult\n|\n|upkeep\n|turn|2\n|inactive|JVsaadi has 30 seconds left.\n|inactive|JVsaadi has 20 seconds left.\n|\n|t:|1684130055\n|move|p1a: Mafioso|Thunder Wave|p2b: Annihilape\n|-status|p2b: Annihilape|par\n|move|p2a: Klefki|Thunder Wave|p1a: Mafioso\n|-hint|Since gen 7, Dark is immune to Prankster moves.\n|-immune|p1a: Mafioso\n|move|p1b: Dragapult|Shadow Ball|p2b: Annihilape\n|-supereffective|p2b: Annihilape\n|-damage|p2b: Annihilape|56\/100 par\n|move|p2b: Annihilape|Rage Fist|p1b: Dragapult\n|-supereffective|p1b: Dragapult\n|-end|p1b: Dragapult|Substitute\n|\n|upkeep\n|turn|3\n|inactive|JVsaadi has 30 seconds left.\n|inactive|JVsaadi has 20 seconds left.\n|\n|t:|1684130090\n|switch|p1a: Firfirsla|Cyclizar, L50, M|84\/100\n|move|p2a: Klefki|Thunder Wave|p1b: Dragapult\n|-status|p1b: Dragapult|par\n|cant|p1b: Dragapult|par\n|move|p2b: Annihilape|Rage Fist|p1b: Dragapult\n|-supereffective|p1b: Dragapult\n|-damage|p1b: Dragapult|0 fnt\n|faint|p1b: Dragapult\n|\n|upkeep\n|-message|JVsaadi forfeited.\n|\n|win|Atloy\n|raw|JVsaadi's rating: 1061 → 1046<\/strong> (-15 for losing)\n|raw|Atloy's rating: 1134 → 1154<\/strong> (+20 for winning)\n|l|\u2606JVsaadi\n","uploadtime":1684130117,"views":8,"p1id":"jvsaadi","p2id":"atloy","formatid":"gen9vgc2023regulationc","rating":1046,"private":0,"password":""}