{"id":"gen9vgc2023regulationc-1847129984","p1":"Hazelmarill","p2":"doobaa","format":"[Gen 9] VGC 2023 Regulation C","log":"|j|\u2606Hazelmarill\n|j|\u2606doobaa\n|t:|1681921539\n|gametype|doubles\n|player|p1|Hazelmarill|lass|1121\n|player|p2|doobaa|skierf|1041\n|teamsize|p1|6\n|teamsize|p2|6\n|gen|9\n|tier|[Gen 9] VGC 2023 Regulation C\n|rated|\n|rule|Species Clause: Limit one of each Pok\u00e9mon\n|rule|Item Clause: Limit one of each item\n|clearpoke\n|poke|p1|Chi-Yu, L50|\n|poke|p1|Salamence, L50, F|\n|poke|p1|Iron Bundle, L50|\n|poke|p1|Amoonguss, L50, F|\n|poke|p1|Great Tusk, L50|\n|poke|p1|Flutter Mane, L50|\n|poke|p2|Dachsbun, L50, M|\n|poke|p2|Chi-Yu, L50|\n|poke|p2|Flutter Mane, L50|\n|poke|p2|Iron Bundle, L50|\n|poke|p2|Amoonguss, L50, F|\n|poke|p2|Ting-Lu, L50|\n|teampreview|4\n|\n|t:|1681921598\n|start\n|switch|p1a: Salamence|Salamence, L50, F|100\/100\n|switch|p1b: Iron Bundle|Iron Bundle, L50|100\/100\n|switch|p2a: Dachsbun|Dachsbun, L50, M|100\/100\n|switch|p2b: Chi-Yu|Chi-Yu, L50|100\/100\n|-ability|p2b: Chi-Yu|Beads of Ruin\n|-ability|p1a: Salamence|Intimidate|boost\n|-unboost|p2a: Dachsbun|atk|1\n|-unboost|p2b: Chi-Yu|atk|1\n|turn|1\n|\n|t:|1681921620\n|move|p2b: Chi-Yu|Lava Plume|p1b: Iron Bundle|[spread] p1a,p1b\n|-ability|p2a: Dachsbun|Well-Baked Body|boost\n|-boost|p2a: Dachsbun|def|2\n|-resisted|p1a: Salamence\n|-damage|p1a: Salamence|76\/100\n|-damage|p1b: Iron Bundle|7\/100\n|move|p1b: Iron Bundle|Hydro Pump|p2b: Chi-Yu\n|-supereffective|p2b: Chi-Yu\n|-damage|p2b: Chi-Yu|0 fnt\n|faint|p2b: Chi-Yu\n|move|p1a: Salamence|Tailwind|p1a: Salamence\n|-sidestart|p1: Hazelmarill|move: Tailwind\n|move|p2a: Dachsbun|Body Press|p1b: Iron Bundle\n|-supereffective|p1b: Iron Bundle\n|-damage|p1b: Iron Bundle|0 fnt\n|faint|p1b: Iron Bundle\n|-end|p1b: Iron Bundle|Quark Drive|[silent]\n|\n|upkeep\n|\n|t:|1681921636\n|switch|p1b: Great Tusk|Great Tusk, L50|100\/100\n|switch|p2b: Iron Bundle|Iron Bundle, L50|100\/100\n|turn|2\n|\n|t:|1681921674\n|-terastallize|p1b: Great Tusk|Ground\n|move|p1a: Salamence|Draco Meteor|p2b: Iron Bundle\n|-enditem|p2b: Iron Bundle|Focus Sash\n|-damage|p2b: Iron Bundle|1\/100\n|-unboost|p1a: Salamence|spa|2\n|move|p1b: Great Tusk|Headlong Rush|p2a: Dachsbun\n|-damage|p2a: Dachsbun|57\/100\n|-unboost|p1b: Great Tusk|def|1\n|-unboost|p1b: Great Tusk|spd|1\n|move|p2b: Iron Bundle|Freeze-Dry|p1b: Great Tusk\n|-supereffective|p1b: Great Tusk\n|-damage|p1b: Great Tusk|0 fnt\n|faint|p1b: Great Tusk\n|-end|p1b: Great Tusk|Protosynthesis|[silent]\n|move|p2a: Dachsbun|Yawn|p1a: Salamence\n|-start|p1a: Salamence|move: Yawn|[of] p2a: Dachsbun\n|\n|-heal|p2a: Dachsbun|63\/100|[from] item: Leftovers\n|upkeep\n|\n|t:|1681921685\n|switch|p1b: Chi-Yu|Chi-Yu, L50|100\/100\n|-ability|p1b: Chi-Yu|Beads of Ruin\n|turn|3\n|\n|t:|1681921705\n|-end|p2b: Iron Bundle|Quark Drive|[silent]\n|switch|p2b: Ting-Lu|Ting-Lu, L50|100\/100\n|-ability|p2b: Ting-Lu|Vessel of Ruin\n|move|p1b: Chi-Yu|Nasty Plot|p1b: Chi-Yu\n|-boost|p1b: Chi-Yu|spa|2\n|move|p1a: Salamence|Draco Meteor|p2b: Ting-Lu\n|-damage|p2b: Ting-Lu|84\/100\n|-unboost|p1a: Salamence|spa|2\n|move|p2a: Dachsbun|Body Press|p1b: Chi-Yu\n|-supereffective|p1b: Chi-Yu\n|-damage|p1b: Chi-Yu|0 fnt\n|faint|p1b: Chi-Yu\n|\n|-heal|p2a: Dachsbun|69\/100|[from] item: Leftovers\n|-end|p1a: Salamence|move: Yawn|[silent]\n|-status|p1a: Salamence|slp\n|upkeep\n|turn|4\n|-message|Hazelmarill forfeited.\n|\n|win|doobaa\n|raw|Hazelmarill's rating: 1121 → 1090<\/strong> (-31 for losing)\n|raw|doobaa's rating: 1041 → 1083<\/strong> (+42 for winning)\n|l|\u2606Hazelmarill\n","uploadtime":1681921721,"views":14,"p1id":"hazelmarill","p2id":"doobaa","formatid":"gen9vgc2023regulationc","rating":1083,"private":0,"password":""}