{"id":"gen9vgc2023regulationc-1855721942","p1":"WillieDangerously","p2":"themanparris","format":"[Gen 9] VGC 2023 Regulation C","log":"|j|\u2606WillieDangerously\n|j|\u2606themanparris\n|t:|1682976770\n|gametype|doubles\n|player|p1|WillieDangerously|psychic-gen4|1226\n|player|p2|themanparris|2|1199\n|teamsize|p1|6\n|teamsize|p2|6\n|gen|9\n|tier|[Gen 9] VGC 2023 Regulation C\n|rated|\n|rule|Species Clause: Limit one of each Pok\u00e9mon\n|rule|Item Clause: Limit one of each item\n|clearpoke\n|poke|p1|Espathra, L50, M|\n|poke|p1|Iron Bundle, L50|\n|poke|p1|Iron Valiant, L50|\n|poke|p1|Salamence, L50, F|\n|poke|p1|Scizor, L50, M|\n|poke|p1|Sandy Shocks, L50|\n|poke|p2|Palafin, L50, M|\n|poke|p2|Chien-Pao, L50|\n|poke|p2|Dragapult, L50, M|\n|poke|p2|Amoonguss, L50, M|\n|poke|p2|Arcanine, L50, F|\n|poke|p2|Flutter Mane, L50|\n|teampreview|4\n|inactive|Battle timer is ON: inactive players will automatically lose when time's up. (requested by themanparris)\n|inactive|WillieDangerously has 60 seconds left.\n|inactive|themanparris has 60 seconds left.\n|inactive|themanparris has 30 seconds left.\n|inactive|themanparris has 20 seconds left.\n|inactive|themanparris has 15 seconds left.\n|inactive|themanparris has 10 seconds left.\n|inactive|themanparris has 5 seconds left.\n|\n|t:|1682976856\n|start\n|switch|p1a: Sandy Shocks|Sandy Shocks, L50|100\/100\n|switch|p1b: Salamence|Salamence, L50, F|100\/100\n|switch|p2a: Chien-Pao|Chien-Pao, L50|100\/100\n|switch|p2b: Dragapult|Dragapult, L50, M|100\/100\n|-ability|p2a: Chien-Pao|Sword of Ruin\n|-enditem|p1a: Sandy Shocks|Booster Energy\n|-activate|p1a: Sandy Shocks|ability: Protosynthesis|[fromitem]\n|-start|p1a: Sandy Shocks|protosynthesisspe\n|turn|1\n|inactive|WillieDangerously has 30 seconds left.\n|inactive|themanparris has 30 seconds left.\n|inactive|themanparris has 20 seconds left.\n|\n|t:|1682976892\n|-terastallize|p1b: Salamence|Rock\n|move|p1a: Sandy Shocks|Gravity|p1a: Sandy Shocks\n|-fieldstart|move: Gravity\n|move|p1b: Salamence|Rock Slide|p2b: Dragapult|[spread] p2a,p2b\n|-supereffective|p2a: Chien-Pao\n|-damage|p2a: Chien-Pao|11\/100\n|-damage|p2b: Dragapult|45\/100\n|move|p2b: Dragapult|Dragon Darts|p1a: Sandy Shocks\n|-damage|p1a: Sandy Shocks|47\/100\n|-anim|p2b: Dragapult|Dragon Darts|p1b: Salamence\n|-damage|p1b: Salamence|36\/100\n|move|p2a: Chien-Pao|Ice Spinner|p1a: Sandy Shocks\n|-supereffective|p1a: Sandy Shocks\n|-damage|p1a: Sandy Shocks|0 fnt\n|faint|p1a: Sandy Shocks\n|-end|p1a: Sandy Shocks|Protosynthesis|[silent]\n|\n|upkeep\n|\n|t:|1682976911\n|switch|p1a: Iron Bundle|Iron Bundle, L50|100\/100\n|turn|2\n|\n|t:|1682976930\n|move|p2a: Chien-Pao|Sucker Punch|p1b: Salamence\n|-damage|p1b: Salamence|0 fnt\n|faint|p1b: Salamence\n|move|p2b: Dragapult|Dragon Darts|p1a: Iron Bundle\n|-damage|p1a: Iron Bundle|40\/100\n|-anim|p2b: Dragapult|Dragon Darts|p1a: Iron Bundle\n|-damage|p1a: Iron Bundle|0 fnt\n|faint|p1a: Iron Bundle\n|-end|p1a: Iron Bundle|Quark Drive|[silent]\n|\n|upkeep\n|-message|WillieDangerously forfeited.\n|\n|win|themanparris\n|raw|WillieDangerously's rating: 1226 → 1199<\/strong> (-27 for losing)\n|raw|themanparris's rating: 1199 → 1226<\/strong> (+27 for winning)\n","uploadtime":1682976942,"views":12,"p1id":"williedangerously","p2id":"themanparris","formatid":"gen9vgc2023regulationc","rating":1199,"private":0,"password":""}