{"id":"gen9vgc2023regulationc-1862850786","p1":"hydreigon_chelas","p2":"adpg.2007","format":"[Gen 9] VGC 2023 Regulation C","log":"|j|\u2606hydreigon_chelas\n|j|\u2606adpg.2007\n|t:|1683929180\n|gametype|doubles\n|player|p1|hydreigon_chelas|iris-gen5bw2|\n|player|p2|adpg.2007|hilbert-wonderlauncher|\n|teamsize|p1|6\n|teamsize|p2|6\n|gen|9\n|tier|[Gen 9] VGC 2023 Regulation C\n|rule|Species Clause: Limit one of each Pok\u00e9mon\n|rule|Item Clause: Limit one of each item\n|clearpoke\n|poke|p1|Tyranitar, L50, F|\n|poke|p1|Lycanroc, L50, F|\n|poke|p1|Great Tusk, L50|\n|poke|p1|Chi-Yu, L50|\n|poke|p1|Flutter Mane, L50|\n|poke|p1|Gastrodon-East, L50, F|\n|poke|p2|Flutter Mane, L50|\n|poke|p2|Chi-Yu, L50|\n|poke|p2|Chien-Pao, L50|\n|poke|p2|Iron Hands, L50|\n|poke|p2|Arcanine, L50, F|\n|poke|p2|Great Tusk, L50|\n|teampreview|4\nadpg.2007 has agreed to open team sheets.\n|\n|t:|1683929256\n|start\n|switch|p1a: Lycanroc|Lycanroc, L50, F|100\/100\n|switch|p1b: Flutter Mane|Flutter Mane, L50|100\/100\n|switch|p2a: Chien-Pao|Chien-Pao, L50|100\/100\n|switch|p2b: Great Tusk|Great Tusk, L50|100\/100\n|-ability|p2a: Chien-Pao|Sword of Ruin\n|-enditem|p1b: Flutter Mane|Booster Energy\n|-activate|p1b: Flutter Mane|ability: Protosynthesis|[fromitem]\n|-start|p1b: Flutter Mane|protosynthesisspe\n|turn|1\n|\n|t:|1683929331\n|switch|p1a: Chi-Yu|Chi-Yu, L50|100\/100\n|-ability|p1a: Chi-Yu|Beads of Ruin\n|-terastallize|p1b: Flutter Mane|Fairy\n|-terastallize|p2b: Great Tusk|Ground\n|move|p1b: Flutter Mane|Dazzling Gleam|p2a: Chien-Pao|[spread] p2a,p2b\n|-supereffective|p2a: Chien-Pao\n|-damage|p2a: Chien-Pao|0 fnt\n|-damage|p2b: Great Tusk|18\/100\n|faint|p2a: Chien-Pao\n|move|p2b: Great Tusk|Iron Head|p1b: Flutter Mane\n|-supereffective|p1b: Flutter Mane\n|-damage|p1b: Flutter Mane|7\/100\n|\n|upkeep\n|\n|t:|1683929350\n|switch|p2a: Chi-Yu|Chi-Yu, L50|100\/100\n|-ability|p2a: Chi-Yu|Beads of Ruin\n|turn|2\n|\n|t:|1683929386\n|move|p1b: Flutter Mane|Dazzling Gleam|p2a: Chi-Yu|[spread] p2a,p2b\n|-damage|p2a: Chi-Yu|56\/100\n|-damage|p2b: Great Tusk|0 fnt\n|faint|p2b: Great Tusk\n|-end|p2b: Great Tusk|Protosynthesis|[silent]\n|move|p2a: Chi-Yu|Snarl|p1b: Flutter Mane|[spread] p1a,p1b\n|-resisted|p1a: Chi-Yu\n|-crit|p1a: Chi-Yu\n|-resisted|p1b: Flutter Mane\n|-damage|p1a: Chi-Yu|72\/100\n|-damage|p1b: Flutter Mane|0 fnt\n|-unboost|p1a: Chi-Yu|spa|1\n|faint|p1b: Flutter Mane\n|-end|p1b: Flutter Mane|Protosynthesis|[silent]\n|move|p1a: Chi-Yu|Dark Pulse|p2a: Chi-Yu\n|-resisted|p2a: Chi-Yu\n|-damage|p2a: Chi-Yu|35\/100\n|-damage|p1a: Chi-Yu|62\/100|[from] item: Life Orb\n|\n|upkeep\n|\n|t:|1683929405\n|switch|p1b: Lycanroc|Lycanroc, L50, F|100\/100\n|switch|p2b: Flutter Mane|Flutter Mane, L50|100\/100\n|turn|3\n|\n|t:|1683929428\n|move|p1b: Lycanroc|Protect|p1b: Lycanroc\n|-singleturn|p1b: Lycanroc|Protect\n|move|p2b: Flutter Mane|Moonblast|p1a: Chi-Yu\n|-damage|p1a: Chi-Yu|0 fnt\n|faint|p1a: Chi-Yu\n|move|p2a: Chi-Yu|Snarl|p1b: Lycanroc\n|-activate|p1b: Lycanroc|move: Protect\n|\n|upkeep\n|\n|t:|1683929438\n|switch|p1a: Tyranitar|Tyranitar, L50, F|100\/100\n|-weather|Sandstorm|[from] ability: Sand Stream|[of] p1a: Tyranitar\n|turn|4\n|\n|t:|1683929450\n|move|p1b: Lycanroc|Rock Slide|p2b: Flutter Mane|[spread] p2a,p2b\n|-supereffective|p2a: Chi-Yu\n|-damage|p2a: Chi-Yu|0 fnt\n|-damage|p2b: Flutter Mane|40\/100\n|faint|p2a: Chi-Yu\n|move|p2b: Flutter Mane|Moonblast|p1a: Tyranitar\n|-supereffective|p1a: Tyranitar\n|-damage|p1a: Tyranitar|62\/100\n|move|p1a: Tyranitar|Assurance|p2b: Flutter Mane\n|-damage|p2b: Flutter Mane|0 fnt\n|faint|p2b: Flutter Mane\n|-end|p2b: Flutter Mane|Protosynthesis|[silent]\n|\n|win|hydreigon_chelas\n","uploadtime":1683929464,"views":6,"p1id":"hydreigonchelas","p2id":"adpg2007","formatid":"gen9vgc2023regulationc","rating":0,"private":0,"password":""}