{"id":"gen9vgc2023regulationc-1863402912","p1":"cruzeddie","p2":"DjSmooke","format":"[Gen 9] VGC 2023 Regulation C","log":"|j|\u2606cruzeddie\n|j|\u2606DjSmooke\n|t:|1684012509\n|gametype|doubles\n|player|p1|cruzeddie|102|1196\n|player|p2|DjSmooke|2|1182\n|teamsize|p1|6\n|teamsize|p2|6\n|gen|9\n|tier|[Gen 9] VGC 2023 Regulation C\n|rated|\n|rule|Species Clause: Limit one of each Pok\u00e9mon\n|rule|Item Clause: Limit one of each item\n|clearpoke\n|poke|p1|Glimmora, L50, F|\n|poke|p1|Gothitelle, L50, F|\n|poke|p1|Arcanine, L50, M|\n|poke|p1|Flutter Mane, L50|\n|poke|p1|Torkoal, L50, M|\n|poke|p1|Vivillon, L50, F|\n|poke|p2|Flutter Mane, L50|\n|poke|p2|Chi-Yu, L50|\n|poke|p2|Roaring Moon, L50|\n|poke|p2|Jumpluff, L50, M|\n|poke|p2|Wo-Chien, L50|\n|poke|p2|Torkoal, L50, F|\n|teampreview|4\n|\n|t:|1684012537\n|start\n|switch|p1a: Gothitelle|Gothitelle, L50, F|100\/100\n|switch|p1b: Arcanine|Arcanine, L50, M|100\/100\n|switch|p2a: Flutter Mane|Flutter Mane, L50|100\/100\n|switch|p2b: Wo-Chien|Wo-Chien, L50|100\/100\n|-ability|p1b: Arcanine|Intimidate|boost\n|-unboost|p2a: Flutter Mane|atk|1\n|-unboost|p2b: Wo-Chien|atk|1\n|-enditem|p2b: Wo-Chien|Eject Pack\n|\n|t:|1684012550\n|switch|p2b: Torkoal|Torkoal, L50, F|100\/100\n|-weather|SunnyDay|[from] ability: Drought|[of] p2b: Torkoal\n|-activate|p2a: Flutter Mane|ability: Protosynthesis\n|-start|p2a: Flutter Mane|protosynthesisspa\n|turn|1\n|\n|t:|1684012574\n|-terastallize|p2b: Torkoal|Fire\n|move|p1a: Gothitelle|Protect|p1a: Gothitelle\n|-singleturn|p1a: Gothitelle|Protect\n|move|p1b: Arcanine|Flare Blitz|p2a: Flutter Mane\n|-damage|p2a: Flutter Mane|7\/100\n|-damage|p1b: Arcanine|71\/100|[from] Recoil\n|move|p2b: Torkoal|Eruption|p1b: Arcanine|[spread] p1b\n|-activate|p1a: Gothitelle|move: Protect\n|-resisted|p1b: Arcanine\n|-damage|p1b: Arcanine|0 fnt\n|faint|p1b: Arcanine\n|move|p2a: Flutter Mane|Trick Room|p2a: Flutter Mane\n|-fieldstart|move: Trick Room|[of] p2a: Flutter Mane\n|\n|-weather|SunnyDay|[upkeep]\n|upkeep\n|\n|t:|1684012593\n|switch|p1b: Flutter Mane|Flutter Mane, L50|100\/100\n|-activate|p1b: Flutter Mane|ability: Protosynthesis\n|-start|p1b: Flutter Mane|protosynthesisspa\n|turn|2\n|\n|t:|1684012610\n|move|p2b: Torkoal|Eruption|p1b: Flutter Mane|[spread] p1a,p1b\n|-damage|p1a: Gothitelle|0 fnt\n|-damage|p1b: Flutter Mane|0 fnt\n|faint|p1a: Gothitelle\n|faint|p1b: Flutter Mane\n|-end|p1b: Flutter Mane|Protosynthesis|[silent]\n|move|p2a: Flutter Mane|Shadow Ball|p1: Gothitelle|[notarget]\n|-fail|p2a: Flutter Mane\n|\n|-weather|SunnyDay|[upkeep]\n|upkeep\n|l|\u2606DjSmooke\n|player|p2|\n|j|\u2606DjSmooke\n|player|p2|DjSmooke|2\n|c|\u2606DjSmooke|Bro\n|inactive|Battle timer is ON: inactive players will automatically lose when time's up. (requested by DjSmooke)\n|inactive|cruzeddie has 60 seconds left.\n|inactive|cruzeddie has 30 seconds left.\n|inactive|cruzeddie has 20 seconds left.\n|inactive|cruzeddie has 15 seconds left.\n|inactive|cruzeddie has 10 seconds left.\n|inactive|cruzeddie has 5 seconds left.\n|\n|t:|1684012749\n|switch|p1a: Vivillon|Vivillon, L50, F|100\/100\n|turn|3\n|c|\u2606DjSmooke|Richtiger spross einer dirne bist du\n|inactive|cruzeddie has 30 seconds left.\n|inactive|cruzeddie has 20 seconds left.\n|inactive|cruzeddie has 15 seconds left.\n|c|\u2606DjSmooke|Go touch some grass bruh\n|inactive|cruzeddie has 10 seconds left.\n|inactive|cruzeddie has 5 seconds left.\n|\n|t:|1684012804\n|move|p2b: Torkoal|Eruption|p1a: Vivillon\n|-supereffective|p1a: Vivillon\n|-damage|p1a: Vivillon|0 fnt\n|faint|p1a: Vivillon\n|\n|win|DjSmooke\n|raw|cruzeddie's rating: 1196 → 1170<\/strong> (-26 for losing)\n|raw|DjSmooke's rating: 1182 → 1208<\/strong> (+26 for winning)\n","uploadtime":1684012809,"views":15,"p1id":"cruzeddie","p2id":"djsmooke","formatid":"gen9vgc2023regulationc","rating":1170,"private":0,"password":""}