{"id":"gen9vgc2023regulationc-1861177719","p1":"lictab13","p2":"MuhFugginPenguin","format":"[Gen 9] VGC 2023 Regulation C","log":"|j|\u2606lictab13\n|j|\u2606MuhFugginPenguin\n|t:|1683733351\n|gametype|doubles\n|player|p1|lictab13|169|1284\n|player|p2|MuhFugginPenguin|blue|1339\n|teamsize|p1|6\n|teamsize|p2|6\n|gen|9\n|tier|[Gen 9] VGC 2023 Regulation C\n|rated|\n|rule|Species Clause: Limit one of each Pok\u00e9mon\n|rule|Item Clause: Limit one of each item\n|clearpoke\n|poke|p1|Orthworm, L50, M|\n|poke|p1|Dragonite, L50, F|\n|poke|p1|Ting-Lu, L50|\n|poke|p1|Gyarados, L50, F|\n|poke|p1|Glimmora, L50, F|\n|poke|p1|Arcanine, L50, F|\n|poke|p2|Dondozo, L50, M|\n|poke|p2|Tatsugiri, L50, M|\n|poke|p2|Pelipper, L50, F|\n|poke|p2|Glimmora, L50, F|\n|poke|p2|Flutter Mane, L50|\n|poke|p2|Chi-Yu, L50|\n|teampreview|4\n|inactive|Battle timer is ON: inactive players will automatically lose when time's up. (requested by lictab13)\n|inactive|lictab13 has 60 seconds left.\n|inactive|MuhFugginPenguin has 60 seconds left.\n|inactive|lictab13 has 30 seconds left.\n|inactive|lictab13 has 20 seconds left.\n|inactive|lictab13 has 15 seconds left.\n|inactive|lictab13 has 10 seconds left.\n|inactive|lictab13 has 5 seconds left.\n|\n|t:|1683733438\n|start\n|switch|p1a: Orthworm|Orthworm, L50, M, shiny|100\/100\n|switch|p1b: Ting-Lu|Ting-Lu, L50|100\/100\n|switch|p2a: Dondozo|Dondozo, L50, M|100\/100\n|switch|p2b: Pelipper|Pelipper, L50, F|100\/100\n|-weather|RainDance|[from] ability: Drizzle|[of] p2b: Pelipper\n|-ability|p1b: Ting-Lu|Vessel of Ruin\n|turn|1\n|\n|t:|1683733454\n|switch|p2b: Tatsugiri|Tatsugiri, L50, M|100\/100\n|-activate|p2b: Tatsugiri|ability: Commander|[of] p2a: Dondozo\n|-boost|p2a: Dondozo|atk|2\n|-boost|p2a: Dondozo|spa|2\n|-boost|p2a: Dondozo|spe|2\n|-boost|p2a: Dondozo|def|2\n|-boost|p2a: Dondozo|spd|2\n|-terastallize|p2a: Dondozo|Water\n|move|p2a: Dondozo|Surf|p1a: Orthworm|[spread] p1a,p1b\n|-miss|p2a: Dondozo|p2b: Tatsugiri\n|-supereffective|p1b: Ting-Lu\n|-damage|p1a: Orthworm|0 fnt\n|-damage|p1b: Ting-Lu|0 fnt\n|faint|p1a: Orthworm\n|faint|p1b: Ting-Lu\n|\n|-weather|RainDance|[upkeep]\n|upkeep\n|-message|lictab13 forfeited.\n|\n|win|MuhFugginPenguin\n|raw|lictab13's rating: 1284 → 1263<\/strong> (-21 for losing)\n|raw|MuhFugginPenguin's rating: 1339 → 1356<\/strong> (+17 for winning)\n|l|\u2606lictab13\n","uploadtime":1683733477,"views":11,"p1id":"lictab13","p2id":"muhfugginpenguin","formatid":"gen9vgc2023regulationc","rating":1263,"private":0,"password":""}