{"id":"gen9vgc2023regulationc-1854691703","p1":"Jscoot12","p2":"3ncio","format":"[Gen 9] VGC 2023 Regulation C","log":"|j|\u2606Jscoot12\n|j|\u26063ncio\n|t:|1682851304\n|gametype|doubles\n|player|p1|Jscoot12|265|1252\n|player|p2|3ncio|silver|1234\n|teamsize|p1|6\n|teamsize|p2|6\n|gen|9\n|tier|[Gen 9] VGC 2023 Regulation C\n|rated|\n|rule|Species Clause: Limit one of each Pok\u00e9mon\n|rule|Item Clause: Limit one of each item\n|clearpoke\n|poke|p1|Orthworm, L50, M|\n|poke|p1|Dragonite, L50, F|\n|poke|p1|Flutter Mane, L50|\n|poke|p1|Chi-Yu, L50|\n|poke|p1|Gastrodon-East, L50, M|\n|poke|p1|Baxcalibur, L50, F|\n|poke|p2|Gallade, L50, M|\n|poke|p2|Ting-Lu, L50|\n|poke|p2|Indeedee-F, L50, F|\n|poke|p2|Armarouge, L50, M|\n|poke|p2|Kingambit, L50, M|\n|poke|p2|Wo-Chien, L50|\n|teampreview|4\n|inactive|Battle timer is ON: inactive players will automatically lose when time's up. (requested by 3ncio)\n|j| Ursan\n|inactive|Jscoot12 has 60 seconds left.\n|inactive|3ncio has 60 seconds left.\n|l| Ursan\n|\n|t:|1682851339\n|start\n|switch|p1a: Chi-Yu|Chi-Yu, L50|100\/100\n|switch|p1b: Flutter Mane|Flutter Mane, L50|100\/100\n|switch|p2a: Indeedee|Indeedee-F, L50, F|100\/100\n|switch|p2b: Wo-Chien|Wo-Chien, L50|100\/100\n|-ability|p1a: Chi-Yu|Beads of Ruin\n|-fieldstart|move: Psychic Terrain|[from] ability: Psychic Surge|[of] p2a: Indeedee\n|-ability|p2b: Wo-Chien|Tablets of Ruin\n|-enditem|p1b: Flutter Mane|Booster Energy\n|-activate|p1b: Flutter Mane|ability: Protosynthesis|[fromitem]\n|-start|p1b: Flutter Mane|protosynthesisspe\n|turn|1\n|inactive|3ncio has 30 seconds left.\n|\n|t:|1682851369\n|-terastallize|p2b: Wo-Chien|Water\n|move|p1b: Flutter Mane|Dazzling Gleam|p2b: Wo-Chien|[spread] p2a,p2b\n|-damage|p2a: Indeedee|66\/100\n|-damage|p2b: Wo-Chien|77\/100\n|move|p1a: Chi-Yu|Heat Wave|p2a: Indeedee|[spread] p2a,p2b\n|-resisted|p2b: Wo-Chien\n|-crit|p2b: Wo-Chien\n|-damage|p2a: Indeedee|0 fnt\n|-damage|p2b: Wo-Chien|43\/100\n|faint|p2a: Indeedee\n|move|p2b: Wo-Chien|Leech Seed|p1b: Flutter Mane|[miss]\n|-miss|p2b: Wo-Chien|p1b: Flutter Mane\n|\n|-heal|p2b: Wo-Chien|49\/100|[from] item: Leftovers\n|upkeep\n|-message|3ncio forfeited.\n|\n|win|Jscoot12\n|raw|Jscoot12's rating: 1252 → 1276<\/strong> (+24 for winning)\n|raw|3ncio's rating: 1234 → 1210<\/strong> (-24 for losing)\n|l|\u26063ncio\n","uploadtime":1682851389,"views":15,"p1id":"jscoot12","p2id":"3ncio","formatid":"gen9vgc2023regulationc","rating":1210,"private":0,"password":""}