{"id":"gen9vgc2023regulationc-1861095683","p1":"S!dd_1","p2":"Chickenmdjw","format":"[Gen 9] VGC 2023 Regulation C","log":"|j|\u2606S!dd_1\n|j|\u2606Chickenmdjw\n|t:|1683726114\n|gametype|doubles\n|player|p1|S!dd_1|cyclist-gen4|1082\n|player|p2|Chickenmdjw|2|1152\n|teamsize|p1|6\n|teamsize|p2|6\n|gen|9\n|tier|[Gen 9] VGC 2023 Regulation C\n|rated|\n|rule|Species Clause: Limit one of each Pok\u00e9mon\n|rule|Item Clause: Limit one of each item\n|clearpoke\n|poke|p1|Iron Valiant, L50|\n|poke|p1|Talonflame, L50, M|\n|poke|p1|Gothitelle, L50, F|\n|poke|p1|Barraskewda, L50, F|\n|poke|p1|Meowscarada, L50, F|\n|poke|p1|Garchomp, L50, M|\n|poke|p2|Lycanroc, L50, M|\n|poke|p2|Tyranitar, L50, M|\n|poke|p2|Dondozo, L50, F|\n|poke|p2|Tatsugiri-Stretchy, L50, F|\n|poke|p2|Chi-Yu, L50|\n|poke|p2|Iron Bundle, L50|\n|teampreview|4\n|\n|t:|1683726149\n|start\n|switch|p1a: Gothitelle|Gothitelle, L50, F|100\/100\n|switch|p1b: Meowscarada|Meowscarada, L50, F|100\/100\n|switch|p2a: Lycanroc|Lycanroc, L50, M, shiny|100\/100\n|switch|p2b: Tyranitar|Tyranitar, L50, M|100\/100\n|-weather|Sandstorm|[from] ability: Sand Stream|[of] p2b: Tyranitar\n|turn|1\n|\n|t:|1683726167\n|-terastallize|p2b: Tyranitar|Grass\n|move|p1a: Gothitelle|Fake Out|p2a: Lycanroc\n|-resisted|p2a: Lycanroc\n|-damage|p2a: Lycanroc|96\/100\n|cant|p2a: Lycanroc|flinch\n|move|p1b: Meowscarada|Low Kick|p2b: Tyranitar\n|-damage|p2b: Tyranitar|73\/100\n|move|p2b: Tyranitar|Assurance|p1a: Gothitelle\n|-supereffective|p1a: Gothitelle\n|-damage|p1a: Gothitelle|21\/100\n|\n|-weather|Sandstorm|[upkeep]\n|-damage|p1b: Meowscarada|95\/100|[from] Sandstorm\n|-damage|p1a: Gothitelle|15\/100|[from] Sandstorm\n|-damage|p2b: Tyranitar|67\/100|[from] Sandstorm\n|upkeep\n|turn|2\n|\n|t:|1683726184\n|move|p1a: Gothitelle|Helping Hand|p1b: Meowscarada\n|-singleturn|p1b: Meowscarada|Helping Hand|[of] p1a: Gothitelle\n|move|p2a: Lycanroc|Close Combat|p1b: Meowscarada\n|-supereffective|p1b: Meowscarada\n|-damage|p1b: Meowscarada|0 fnt\n|-unboost|p2a: Lycanroc|def|1\n|-unboost|p2a: Lycanroc|spd|1\n|faint|p1b: Meowscarada\n|move|p2b: Tyranitar|Rock Slide|p1a: Gothitelle\n|-damage|p1a: Gothitelle|0 fnt\n|faint|p1a: Gothitelle\n|\n|-weather|Sandstorm|[upkeep]\n|-damage|p2b: Tyranitar|61\/100|[from] Sandstorm\n|upkeep\n|inactive|Battle timer is ON: inactive players will automatically lose when time's up. (requested by Chickenmdjw)\n|\n|t:|1683726189\n|switch|p1b: Barraskewda|Barraskewda, L50, F|100\/100\n|switch|p1a: Iron Valiant|Iron Valiant, L50|100\/100\n|-enditem|p1a: Iron Valiant|Booster Energy\n|-activate|p1a: Iron Valiant|ability: Quark Drive|[fromitem]\n|-start|p1a: Iron Valiant|quarkdrivespe\n|turn|3\n|\n|t:|1683726205\n|move|p1a: Iron Valiant|Protect|p1a: Iron Valiant\n|-singleturn|p1a: Iron Valiant|Protect\n|move|p2a: Lycanroc|Rock Slide|p1b: Barraskewda|[spread] p1b\n|-activate|p1a: Iron Valiant|move: Protect\n|-damage|p1b: Barraskewda|43\/100\n|move|p1b: Barraskewda|Liquidation|p2a: Lycanroc\n|-supereffective|p2a: Lycanroc\n|-damage|p2a: Lycanroc|0 fnt\n|faint|p2a: Lycanroc\n|move|p2b: Tyranitar|Tera Blast|p1b: Barraskewda\n|-supereffective|p1b: Barraskewda\n|-damage|p1b: Barraskewda|0 fnt\n|faint|p1b: Barraskewda\n|\n|-weather|Sandstorm|[upkeep]\n|-damage|p1a: Iron Valiant|94\/100|[from] Sandstorm\n|-damage|p2b: Tyranitar|56\/100|[from] Sandstorm\n|upkeep\n|\n|t:|1683726220\n|switch|p2a: Dondozo|Dondozo, L50, F|100\/100\n|turn|4\n|\n|t:|1683726241\n|switch|p2b: Tatsugiri|Tatsugiri-Stretchy, L50, F|100\/100\n|-activate|p2b: Tatsugiri|ability: Commander|[of] p2a: Dondozo\n|-boost|p2a: Dondozo|atk|2\n|-boost|p2a: Dondozo|spa|2\n|-boost|p2a: Dondozo|spe|2\n|-boost|p2a: Dondozo|def|2\n|-boost|p2a: Dondozo|spd|2\n|move|p1a: Iron Valiant|Close Combat|p2a: Dondozo\n|-damage|p2a: Dondozo|83\/100\n|-unboost|p1a: Iron Valiant|def|1\n|-unboost|p1a: Iron Valiant|spd|1\n|move|p2a: Dondozo|Wave Crash|p1a: Iron Valiant\n|-damage|p1a: Iron Valiant|0 fnt\n|faint|p1a: Iron Valiant\n|-end|p1a: Iron Valiant|Quark Drive|[silent]\n|-damage|p2a: Dondozo|63\/100|[from] Recoil\n|\n|win|Chickenmdjw\n|raw|S!dd_1's rating: 1082 → 1064<\/strong> (-18 for losing)\n|raw|Chickenmdjw's rating: 1152 → 1172<\/strong> (+20 for winning)\n|l|\u2606S!dd_1\n","uploadtime":1683726257,"views":17,"p1id":"sdd1","p2id":"chickenmdjw","formatid":"gen9vgc2023regulationc","rating":1064,"private":0,"password":""}