{"id":"gen9vgc2023regulationc-1851020859","p1":"antolin19","p2":"FanPoke2011","format":"[Gen 9] VGC 2023 Regulation C","log":"|j|\u2606antolin19\n|j|\u2606FanPoke2011\n|t:|1682395146\n|gametype|doubles\n|player|p1|antolin19|101|1407\n|player|p2|FanPoke2011|blackbelt-gen4dp|1479\n|teamsize|p1|6\n|teamsize|p2|6\n|gen|9\n|tier|[Gen 9] VGC 2023 Regulation C\n|rated|\n|rule|Species Clause: Limit one of each Pok\u00e9mon\n|rule|Item Clause: Limit one of each item\n|clearpoke\n|poke|p1|Arcanine, L50, M|\n|poke|p1|Palafin, L50, F|\n|poke|p1|Garchomp, L50, M|\n|poke|p1|Amoonguss, L50, F|\n|poke|p1|Flutter Mane, L50|\n|poke|p1|Chien-Pao, L50|\n|poke|p2|Chien-Pao, L50|\n|poke|p2|Dragonite, L50, F|\n|poke|p2|Flutter Mane, L50|\n|poke|p2|Volcarona, L50, F|\n|poke|p2|Gyarados, L50, M|\n|poke|p2|Great Tusk, L50|\n|teampreview|4\n|inactive|Battle timer is ON: inactive players will automatically lose when time's up. (requested by antolin19)\nFanPoke2011 has agreed to open team sheets.\n|inactive|antolin19 has 60 seconds left.\n|inactive|FanPoke2011 has 60 seconds left.\n|\n|t:|1682395196\n|start\n|switch|p1a: Palafin|Palafin, L50, F|100\/100\n|switch|p1b: Garchomp|Garchomp, L50, M|100\/100\n|switch|p2a: Toxicidad|Flutter Mane, L50|100\/100\n|switch|p2b: Ronaldinho|Gyarados, L50, M, shiny|100\/100\n|-ability|p2b: Ronaldinho|Intimidate|boost\n|-unboost|p1a: Palafin|atk|1\n|-fail|p1b: Garchomp|unboost|[from] item: Clear Amulet|[of] p1b: Garchomp\n|-enditem|p2a: Toxicidad|Booster Energy\n|-activate|p2a: Toxicidad|ability: Protosynthesis|[fromitem]\n|-start|p2a: Toxicidad|protosynthesisspa\n|turn|1\n|inactive|FanPoke2011 has 30 seconds left.\n|inactive|FanPoke2011 has 20 seconds left.\n|\n|t:|1682395234\n|move|p1b: Garchomp|Protect|p1b: Garchomp\n|-singleturn|p1b: Garchomp|Protect\n|move|p2a: Toxicidad|Substitute|p2a: Toxicidad\n|-start|p2a: Toxicidad|Substitute\n|-damage|p2a: Toxicidad|76\/100\n|move|p2b: Ronaldinho|Dragon Dance|p2b: Ronaldinho\n|-boost|p2b: Ronaldinho|atk|1\n|-boost|p2b: Ronaldinho|spe|1\n|move|p1a: Palafin|Substitute|p1a: Palafin\n|-start|p1a: Palafin|Substitute\n|-damage|p1a: Palafin|76\/100\n|\n|upkeep\n|turn|2\n|inactive|FanPoke2011 has 30 seconds left.\n|\n|t:|1682395262\n|-terastallize|p1b: Garchomp|Fire\n|move|p2a: Toxicidad|Protect|p2a: Toxicidad\n|-singleturn|p2a: Toxicidad|Protect\n|move|p1a: Palafin|Jet Punch|p2a: Toxicidad\n|-activate|p2a: Toxicidad|move: Protect\n|move|p2b: Ronaldinho|Waterfall|p1b: Garchomp\n|-supereffective|p1b: Garchomp\n|-damage|p1b: Garchomp|0 fnt\n|-damage|p2b: Ronaldinho|88\/100|[from] ability: Rough Skin|[of] p1b: Garchomp\n|faint|p1b: Garchomp\n|\n|upkeep\n|\n|t:|1682395266\n|switch|p1b: Flutter Mane|Flutter Mane, L50|100\/100\n|turn|3\n|inactive|FanPoke2011 has 30 seconds left.\n|\n|t:|1682395292\n|move|p1a: Palafin|Jet Punch|p2a: Toxicidad\n|-crit|p2a: Toxicidad\n|-end|p2a: Toxicidad|Substitute\n|move|p2b: Ronaldinho|Waterfall|p1b: Flutter Mane\n|-damage|p1b: Flutter Mane|0 fnt\n|faint|p1b: Flutter Mane\n|-end|p1b: Flutter Mane|Protosynthesis|[silent]\n|move|p2a: Toxicidad|Shadow Ball|p1a: Palafin\n|-end|p1a: Palafin|Substitute\n|\n|upkeep\n|\n|t:|1682395298\n|switch|p1b: Arcanine|Arcanine, L50, M|100\/100\n|-ability|p1b: Arcanine|Intimidate|boost\n|-unboost|p2a: Toxicidad|atk|1\n|-unboost|p2b: Ronaldinho|atk|1\n|turn|4\n|-message|antolin19 forfeited.\n|\n|win|FanPoke2011\n|raw|antolin19's rating: 1407 → 1391<\/strong> (-16 for losing)\n|raw|FanPoke2011's rating: 1479 → 1495<\/strong> (+16 for winning)\n|l|\u2606antolin19\n","uploadtime":1682395315,"views":16,"p1id":"antolin19","p2id":"fanpoke2011","formatid":"gen9vgc2023regulationc","rating":1391,"private":0,"password":""}