{"id":"gen9vgc2023regulationc-1861463011","p1":"TMM_Shadow","p2":"leaveher","format":"[Gen 9] VGC 2023 Regulation C","log":"|j|\u2606TMM_Shadow\n|j|\u2606leaveher\n|t:|1683760915\n|gametype|doubles\n|player|p1|TMM_Shadow|265|1252\n|player|p2|leaveher|1|1190\n|teamsize|p1|6\n|teamsize|p2|6\n|gen|9\n|tier|[Gen 9] VGC 2023 Regulation C\n|rated|\n|rule|Species Clause: Limit one of each Pok\u00e9mon\n|rule|Item Clause: Limit one of each item\n|clearpoke\n|poke|p1|Murkrow, L50, F|\n|poke|p1|Garchomp, L50, F|\n|poke|p1|Kingambit, L50, M|\n|poke|p1|Glimmora, L50, M|\n|poke|p1|Gholdengo, L50|\n|poke|p1|Wo-Chien, L50|\n|poke|p2|Indeedee-F, L50, F|\n|poke|p2|Armarouge, L50, F|\n|poke|p2|Azumarill, L50, F|\n|poke|p2|Torkoal, L50, M|\n|poke|p2|Hatterene, L50, F|\n|poke|p2|Sylveon, L50, F|\n|teampreview|4\n|inactive|Battle timer is ON: inactive players will automatically lose when time's up. (requested by leaveher)\n|inactive|TMM_Shadow has 60 seconds left.\n|\n|t:|1683760970\n|start\n|switch|p1a: Glimmora|Glimmora, L50, M|100\/100\n|switch|p1b: Gholdengo|Gholdengo, L50|100\/100\n|switch|p2a: Indeedee|Indeedee-F, L50, F|100\/100\n|switch|p2b: Armarouge|Armarouge, L50, F|100\/100\n|-fieldstart|move: Psychic Terrain|[from] ability: Psychic Surge|[of] p2a: Indeedee\n|turn|1\n|\n|t:|1683760986\n|-terastallize|p1b: Gholdengo|Steel\n|move|p2b: Armarouge|Wide Guard|p2b: Armarouge\n|-singleturn|p2b: Armarouge|Wide Guard\n|move|p1a: Glimmora|Sludge Wave|p2b: Armarouge|[spread] \n|-activate|p2a: Indeedee|move: Wide Guard\n|-activate|p2b: Armarouge|move: Wide Guard\n|-immune|p1b: Gholdengo\n|move|p1b: Gholdengo|Make It Rain|p2b: Armarouge|[spread] \n|-activate|p2a: Indeedee|move: Wide Guard\n|-activate|p2b: Armarouge|move: Wide Guard\n|move|p2a: Indeedee|Trick Room|p2a: Indeedee\n|-fieldstart|move: Trick Room|[of] p2a: Indeedee\n|\n|upkeep\n|turn|2\n|inactive|leaveher has 30 seconds left.\n|\n|t:|1683761015\n|switch|p1b: Garchomp|Garchomp, L50, F|100\/100\n|move|p2b: Armarouge|Expanding Force|p1b: Garchomp|[spread] p1a,p1b\n|-supereffective|p1a: Glimmora\n|-enditem|p1a: Glimmora|Focus Sash\n|-damage|p1a: Glimmora|1\/100\n|-damage|p1b: Garchomp|41\/100\n|move|p2a: Indeedee|Dazzling Gleam|p1a: Glimmora|[spread] p1a,p1b\n|-resisted|p1a: Glimmora\n|-supereffective|p1b: Garchomp\n|-damage|p1a: Glimmora|0 fnt\n|-damage|p1b: Garchomp|16\/100\n|faint|p1a: Glimmora\n|\n|upkeep\n|\n|t:|1683761026\n|switch|p1a: Gholdengo|Gholdengo, L50, tera:Steel|100\/100\n|turn|3\n|\n|t:|1683761034\n|move|p2b: Armarouge|Armor Cannon|p1a: Gholdengo\n|-supereffective|p1a: Gholdengo\n|-damage|p1a: Gholdengo|0 fnt\n|-unboost|p2b: Armarouge|def|1\n|-unboost|p2b: Armarouge|spd|1\n|faint|p1a: Gholdengo\n|move|p2a: Indeedee|Dazzling Gleam|p1b: Garchomp\n|-supereffective|p1b: Garchomp\n|-damage|p1b: Garchomp|0 fnt\n|faint|p1b: Garchomp\n|\n|upkeep\n|-message|TMM_Shadow forfeited.\n|\n|win|leaveher\n|raw|TMM_Shadow's rating: 1252 → 1223<\/strong> (-29 for losing)\n|raw|leaveher's rating: 1190 → 1219<\/strong> (+29 for winning)\n|l|\u2606TMM_Shadow\n","uploadtime":1683761083,"views":11,"p1id":"tmmshadow","p2id":"leaveher","formatid":"gen9vgc2023regulationc","rating":1219,"private":0,"password":""}