{"id":"gen9vgc2023regulationc-1862536025","p1":"MUUUUUUUUUUK","p2":"KilnFirelink","format":"[Gen 9] VGC 2023 Regulation C","log":"|j|\u2606MUUUUUUUUUUK\n|j|\u2606KilnFirelink\n|t:|1683898510\n|gametype|doubles\n|player|p1|MUUUUUUUUUUK|1|\n|player|p2|KilnFirelink|iris-gen5bw2|\n|teamsize|p1|4\n|teamsize|p2|4\n|gen|9\n|tier|[Gen 9] VGC 2023 Regulation C\n|rule|Species Clause: Limit one of each Pok\u00e9mon\n|rule|Item Clause: Limit one of each item\n|clearpoke\n|poke|p1|Mismagius, L50, F|\n|poke|p1|Muk, L50, F|\n|poke|p1|Sylveon, L50, M|\n|poke|p1|Murkrow, L50, F|\n|poke|p2|Flutter Mane, L50|\n|poke|p2|Chi-Yu, L50|\n|poke|p2|Iron Moth, L50|\n|poke|p2|Chien-Pao, L50|\n|teampreview|4\n|\n|t:|1683898527\n|start\n|switch|p1a: Mismagius|Mismagius, L50, F|100\/100\n|switch|p1b: Muk in the sink|Muk, L50, F|100\/100\n|switch|p2a: Flutter Mane|Flutter Mane, L50|100\/100\n|switch|p2b: Chi-Yu|Chi-Yu, L50|100\/100\n|-ability|p2b: Chi-Yu|Beads of Ruin\n|turn|1\n|\n|t:|1683898568\n|-terastallize|p2a: Flutter Mane|Fairy\n|move|p2a: Flutter Mane|Dazzling Gleam|p1a: Mismagius|[spread] p1a,p1b\n|-resisted|p1b: Muk in the sink\n|-damage|p1a: Mismagius|5\/100\n|-damage|p1b: Muk in the sink|75\/100\n|move|p1a: Mismagius|Shadow Ball|p2a: Flutter Mane\n|-damage|p2a: Flutter Mane|57\/100\n|-unboost|p2a: Flutter Mane|spd|1\n|move|p2b: Chi-Yu|Heat Wave|p1b: Muk in the sink|[spread] p1a,p1b\n|-damage|p1a: Mismagius|0 fnt\n|-damage|p1b: Muk in the sink|36\/100\n|faint|p1a: Mismagius\n|-damage|p2b: Chi-Yu|91\/100|[from] item: Life Orb\n|move|p1b: Muk in the sink|Poison Jab|p2a: Flutter Mane\n|-supereffective|p2a: Flutter Mane\n|-crit|p2a: Flutter Mane\n|-damage|p2a: Flutter Mane|0 fnt\n|faint|p2a: Flutter Mane\n|-end|p2a: Flutter Mane|Protosynthesis|[silent]\n|\n|upkeep\n|\n|t:|1683898593\n|switch|p2a: Iron Moth|Iron Moth, L50|100\/100\n|switch|p1a: Sylveon|Sylveon, L50, M|100\/100\n|-enditem|p2a: Iron Moth|Booster Energy\n|-activate|p2a: Iron Moth|ability: Quark Drive|[fromitem]\n|-start|p2a: Iron Moth|quarkdrivespa\n|turn|2\n|\n|t:|1683898614\n|move|p2a: Iron Moth|Heat Wave|p1a: Sylveon|[spread] p1a,p1b\n|-damage|p1a: Sylveon|46\/100\n|-damage|p1b: Muk in the sink|0 fnt\n|faint|p1b: Muk in the sink\n|move|p2b: Chi-Yu|Heat Wave|p1a: Sylveon\n|-damage|p1a: Sylveon|0 fnt\n|faint|p1a: Sylveon\n|-damage|p2b: Chi-Yu|81\/100|[from] item: Life Orb\n|\n|upkeep\n|\n|t:|1683898625\n|switch|p1b: Murkrow|Murkrow, L50, F|100\/100\n|turn|3\n|\n|t:|1683898638\n|move|p1b: Murkrow|Thunder Wave|p2a: Iron Moth\n|-status|p2a: Iron Moth|par\n|move|p2b: Chi-Yu|Heat Wave|p1b: Murkrow\n|-damage|p1b: Murkrow|20\/100\n|-damage|p2b: Chi-Yu|71\/100|[from] item: Life Orb\n|cant|p2a: Iron Moth|par\n|\n|upkeep\n|turn|4\n|\n|t:|1683898657\n|move|p1b: Murkrow|Thunder Wave|p2b: Chi-Yu\n|-hint|Since gen 7, Dark is immune to Prankster moves.\n|-immune|p2b: Chi-Yu\n|move|p2b: Chi-Yu|Heat Wave|p1b: Murkrow\n|-damage|p1b: Murkrow|0 fnt\n|faint|p1b: Murkrow\n|-damage|p2b: Chi-Yu|61\/100|[from] item: Life Orb\n|\n|win|KilnFirelink\n","uploadtime":1683898670,"views":11,"p1id":"muuuuuuuuuuk","p2id":"kilnfirelink","formatid":"gen9vgc2023regulationc","rating":0,"private":0,"password":""}