{"id":"gen9vgc2023regulationc-1864379830","p1":"Tobias Twelve","p2":"seismattersCORNER","format":"[Gen 9] VGC 2023 Regulation C","log":"|j|\u2606Tobias Twelve\n|j|\u2606seismattersCORNER\n|t:|1684161305\n|gametype|doubles\n|player|p1|Tobias Twelve|benga|1103\n|player|p2|seismattersCORNER|emmet|1173\n|teamsize|p1|6\n|teamsize|p2|6\n|gen|9\n|tier|[Gen 9] VGC 2023 Regulation C\n|rated|\n|rule|Species Clause: Limit one of each Pok\u00e9mon\n|rule|Item Clause: Limit one of each item\n|clearpoke\n|poke|p1|Amoonguss, L50, M|\n|poke|p1|Chien-Pao, L50|\n|poke|p1|Palafin, L50, M|\n|poke|p1|Flutter Mane, L50|\n|poke|p1|Garchomp, L50, F|\n|poke|p1|Talonflame, L50, M|\n|poke|p2|Palafin, L50, M|\n|poke|p2|Arcanine, L50, F|\n|poke|p2|Amoonguss, L50, M|\n|poke|p2|Flutter Mane, L50|\n|poke|p2|Iron Bundle, L50|\n|poke|p2|Dragonite, L50, M|\n|teampreview|4\nseismattersCORNER has agreed to open team sheets.\n|inactive|Battle timer is ON: inactive players will automatically lose when time's up. (requested by seismattersCORNER)\n|\n|t:|1684161338\n|start\n|switch|p1a: Garchomp|Garchomp, L50, F|100\/100\n|switch|p1b: Talonflame|Talonflame, L50, M|100\/100\n|switch|p2a: Palafin|Palafin, L50, M|100\/100\n|switch|p2b: Dragonite|Dragonite, L50, M|100\/100\n|turn|1\n|\n|t:|1684161351\n|-terastallize|p2b: Dragonite|Flying\n|move|p2a: Palafin|Protect|p2a: Palafin\n|-singleturn|p2a: Palafin|Protect\n|move|p1b: Talonflame|Tailwind|p1b: Talonflame\n|-sidestart|p1: Tobias Twelve|move: Tailwind\n|move|p1a: Garchomp|Dragon Claw|p2b: Dragonite\n|-damage|p2b: Dragonite|79\/100\n|move|p2b: Dragonite|Tera Blast|p1b: Talonflame\n|-damage|p1b: Talonflame|17\/100\n|\n|upkeep\n|turn|2\n|inactive|Tobias Twelve has 30 seconds left.\n|\n|t:|1684161380\n|switch|p1a: Flutter Mane|Flutter Mane, L50|100\/100\n|move|p2a: Palafin|Jet Punch|p1b: Talonflame\n|-supereffective|p1b: Talonflame\n|-crit|p1b: Talonflame\n|-damage|p1b: Talonflame|0 fnt\n|faint|p1b: Talonflame\n|move|p2b: Dragonite|Tera Blast|p1a: Flutter Mane\n|-damage|p1a: Flutter Mane|0 fnt\n|faint|p1a: Flutter Mane\n|-end|p1a: Flutter Mane|Protosynthesis|[silent]\n|\n|upkeep\n|-message|Tobias Twelve forfeited.\n|\n|win|seismattersCORNER\n|raw|Tobias Twelve's rating: 1103 → 1083<\/strong> (-20 for losing)\n|raw|seismattersCORNER's rating: 1173 → 1193<\/strong> (+20 for winning)\n|l|\u2606Tobias Twelve\n","uploadtime":1684161394,"views":4,"p1id":"tobiastwelve","p2id":"seismatterscorner","formatid":"gen9vgc2023regulationc","rating":1083,"private":0,"password":""}