{"id":"gen9vgc2023regulationc-1845963584","p1":"Valhala Alfa","p2":"Meowmers Wem","format":"[Gen 9] VGC 2023 Regulation C","log":"|j|\u2606Valhala Alfa\n|j|\u2606Meowmers Wem\n|t:|1681784553\n|gametype|doubles\n|player|p1|Valhala Alfa|102|1182\n|player|p2|Meowmers Wem|170|1175\n|teamsize|p1|6\n|teamsize|p2|6\n|gen|9\n|tier|[Gen 9] VGC 2023 Regulation C\n|rated|\n|rule|Species Clause: Limit one of each Pok\u00e9mon\n|rule|Item Clause: Limit one of each item\n|clearpoke\n|poke|p1|Flutter Mane, L50|\n|poke|p1|Chi-Yu, L50|\n|poke|p1|Dragonite, L50, M|\n|poke|p1|Tauros-Paldea-Blaze, L50, M|\n|poke|p1|Gastrodon, L50, F|\n|poke|p1|Hariyama, L50, F|\n|poke|p2|Indeedee-F, L50, F|\n|poke|p2|Armarouge, L50, M|\n|poke|p2|Torkoal, L50, M|\n|poke|p2|Oranguru, L50, F|\n|poke|p2|Kingambit, L50, M|\n|poke|p2|Annihilape, L50, M|\n|teampreview|4\n|inactive|Battle timer is ON: inactive players will automatically lose when time's up. (requested by Valhala Alfa)\n|inactive|Valhala Alfa has 60 seconds left.\n|\n|t:|1681784598\n|start\n|switch|p1a: Gastrodon|Gastrodon, L50, F|100\/100\n|switch|p1b: Hariyama|Hariyama, L50, F|100\/100\n|switch|p2a: Indeedee|Indeedee-F, L50, F|100\/100\n|switch|p2b: Annihilape|Annihilape, L50, M|100\/100\n|-fieldstart|move: Psychic Terrain|[from] ability: Psychic Surge|[of] p2a: Indeedee\n|-enditem|p2a: Indeedee|Psychic Seed\n|-boost|p2a: Indeedee|spd|1|[from] item: Psychic Seed\n|turn|1\n|inactive|Valhala Alfa has 30 seconds left.\n|\n|t:|1681784623\n|move|p2b: Annihilape|U-turn|p1a: Gastrodon\n|-damage|p1a: Gastrodon|82\/100\n|\n|t:|1681784637\n|switch|p2b: Armarouge|Armarouge, L50, M|100\/100|[from] U-turn\n|move|p1b: Hariyama|Knock Off|p2b: Armarouge\n|-supereffective|p2b: Armarouge\n|-damage|p2b: Armarouge|43\/100\n|-enditem|p2b: Armarouge|Twisted Spoon|[from] move: Knock Off|[of] p1b: Hariyama\n|move|p1a: Gastrodon|Earth Power|p2a: Indeedee\n|-crit|p2a: Indeedee\n|-damage|p2a: Indeedee|50\/100\n|move|p2a: Indeedee|Trick Room|p2a: Indeedee\n|-fieldstart|move: Trick Room|[of] p2a: Indeedee\n|\n|-heal|p1a: Gastrodon|88\/100|[from] item: Leftovers\n|upkeep\n|turn|2\n|\n|t:|1681784658\n|switch|p2a: Torkoal|Torkoal, L50, M|100\/100\n|-weather|SunnyDay|[from] ability: Drought|[of] p2a: Torkoal\n|move|p1a: Gastrodon|Earth Power|p2b: Armarouge\n|-supereffective|p2b: Armarouge\n|-damage|p2b: Armarouge|0 fnt\n|faint|p2b: Armarouge\n|move|p1b: Hariyama|Knock Off|p2a: Torkoal\n|-damage|p2a: Torkoal|77\/100\n|-enditem|p2a: Torkoal|Charcoal|[from] move: Knock Off|[of] p1b: Hariyama\n|\n|-weather|SunnyDay|[upkeep]\n|-heal|p1a: Gastrodon|94\/100|[from] item: Leftovers\n|upkeep\n|\n|t:|1681784672\n|switch|p2b: Indeedee|Indeedee-F, L50, F|50\/100\n|turn|3\n|c|\u2606Valhala Alfa|what you doing?\n|c|\u2606Meowmers Wem|having fun\n|c|\u2606Meowmers Wem|not\n|inactive|Valhala Alfa has 30 seconds left.\n|\n|t:|1681784700\n|-terastallize|p2a: Torkoal|Fire\n|move|p2b: Indeedee|Follow Me|p2b: Indeedee\n|-singleturn|p2b: Indeedee|move: Follow Me\n|move|p2a: Torkoal|Eruption|p1b: Hariyama|[spread] p1a,p1b\n|-resisted|p1a: Gastrodon\n|-damage|p1a: Gastrodon|57\/100\n|-damage|p1b: Hariyama|79\/100\n|move|p1a: Gastrodon|Muddy Water|p2a: Torkoal|[spread] p2a,p2b\n|-supereffective|p2a: Torkoal\n|-damage|p2a: Torkoal|36\/100\n|-damage|p2b: Indeedee|36\/100\n|move|p1b: Hariyama|Knock Off|p2b: Indeedee\n|-supereffective|p2b: Indeedee\n|-damage|p2b: Indeedee|0 fnt\n|faint|p2b: Indeedee\n|\n|-weather|SunnyDay|[upkeep]\n|-heal|p1a: Gastrodon|63\/100|[from] item: Leftovers\n|upkeep\n|c|\u2606Valhala Alfa|having fun not?\n|\n|t:|1681784723\n|switch|p2b: Annihilape|Annihilape, L50, M|100\/100\n|turn|4\n|-message|Meowmers Wem forfeited.\n|\n|win|Valhala Alfa\n|raw|Valhala Alfa's rating: 1182 → 1206<\/strong> (+24 for winning)\n|raw|Meowmers Wem's rating: 1175 → 1151<\/strong> (-24 for losing)\n|l|\u2606Meowmers Wem\n","uploadtime":1681785551,"views":5,"p1id":"valhalaalfa","p2id":"meowmerswem","formatid":"gen9vgc2023regulationc","rating":1151,"private":0,"password":""}