{"id":"gen9vgc2023regulationc-1852092997","p1":"Eretarus","p2":"haha u rage quit","format":"[Gen 9] VGC 2023 Regulation C","log":"|j|\u2606Eretarus\n|j|\u2606haha u rage quit\n|t:|1682523538\n|gametype|doubles\n|player|p1|Eretarus|1|1370\n|player|p2|haha u rage quit|pokemaniac|1299\n|teamsize|p1|6\n|teamsize|p2|6\n|gen|9\n|tier|[Gen 9] VGC 2023 Regulation C\n|rated|\n|rule|Species Clause: Limit one of each Pok\u00e9mon\n|rule|Item Clause: Limit one of each item\n|clearpoke\n|poke|p1|Meowscarada, L50, M|\n|poke|p1|Ting-Lu, L50|\n|poke|p1|Dondozo, L50, M|\n|poke|p1|Tatsugiri-Droopy, L50, M|\n|poke|p1|Dragonite, L50, F|\n|poke|p1|Chien-Pao, L50|\n|poke|p2|Glimmora, L50, M|\n|poke|p2|Iron Bundle, L50|\n|poke|p2|Dondozo, L50, M|\n|poke|p2|Dragonite, L50, M|\n|poke|p2|Tatsugiri-Droopy, L50, M|\n|poke|p2|Chi-Yu, L50|\n|teampreview|4\n|inactive|Battle timer is ON: inactive players will automatically lose when time's up. (requested by Eretarus)\n|inactive|Eretarus has 60 seconds left.\n|\n|t:|1682523586\n|start\n|switch|p1a: Meowscarada|Meowscarada, L50, M|100\/100\n|switch|p1b: Chien-Pao|Chien-Pao, L50|100\/100\n|switch|p2a: Iron Bundle|Iron Bundle, L50, shiny|100\/100\n|switch|p2b: Chi-Yu|Chi-Yu, L50|100\/100\n|-ability|p1b: Chien-Pao|Sword of Ruin\n|-ability|p2b: Chi-Yu|Beads of Ruin\n|-enditem|p2a: Iron Bundle|Booster Energy\n|-activate|p2a: Iron Bundle|ability: Quark Drive|[fromitem]\n|-start|p2a: Iron Bundle|quarkdrivespe\n|turn|1\n|\n|t:|1682523607\n|switch|p1b: Tatsugiri|Tatsugiri-Droopy, L50, M|100\/100\n|switch|p1a: Dondozo|Dondozo, L50, M|100\/100\n|-activate|p1b: Tatsugiri|ability: Commander|[of] p1a: Dondozo\n|-boost|p1a: Dondozo|atk|2\n|-boost|p1a: Dondozo|spa|2\n|-boost|p1a: Dondozo|spe|2\n|-boost|p1a: Dondozo|def|2\n|-boost|p1a: Dondozo|spd|2\n|move|p2a: Iron Bundle|Icy Wind|p1a: Dondozo|[spread] p1a\n|-miss|p2a: Iron Bundle|p1b: Tatsugiri\n|-resisted|p1a: Dondozo\n|-damage|p1a: Dondozo|94\/100\n|move|p2b: Chi-Yu|Heat Wave|p1a: Dondozo|[spread] p1a\n|-miss|p2b: Chi-Yu|p1b: Tatsugiri\n|-resisted|p1a: Dondozo\n|-damage|p1a: Dondozo|82\/100\n|\n|upkeep\n|turn|2\n|inactive|haha u rage quit has 30 seconds left.\n|inactive|Eretarus has 30 seconds left.\n|inactive|Eretarus has 20 seconds left.\n|\n|t:|1682523655\n|-terastallize|p1a: Dondozo|Steel\n|move|p2a: Iron Bundle|Protect|p2a: Iron Bundle\n|-singleturn|p2a: Iron Bundle|Protect\n|move|p2b: Chi-Yu|Protect|p2b: Chi-Yu\n|-singleturn|p2b: Chi-Yu|Protect\n|move|p1a: Dondozo|Earthquake|p2b: Chi-Yu|[spread] \n|-miss|p1a: Dondozo|p1b: Tatsugiri\n|-activate|p2a: Iron Bundle|move: Protect\n|-activate|p2b: Chi-Yu|move: Protect\n|\n|upkeep\n|turn|3\n|\n|t:|1682523680\n|move|p2a: Iron Bundle|Icy Wind|p1a: Dondozo|[spread] p1a\n|-miss|p2a: Iron Bundle|p1b: Tatsugiri\n|-resisted|p1a: Dondozo\n|-damage|p1a: Dondozo|76\/100\n|move|p2b: Chi-Yu|Overheat|p1a: Dondozo\n|-supereffective|p1a: Dondozo\n|-damage|p1a: Dondozo|0 fnt\n|-unboost|p2b: Chi-Yu|spa|2\n|faint|p1a: Dondozo\n|\n|upkeep\n|-message|Eretarus forfeited.\n|\n|win|haha u rage quit\n|raw|Eretarus's rating: 1370 → 1346<\/strong> (-24 for losing)\n|raw|haha u rage quit's rating: 1299 → 1329<\/strong> (+30 for winning)\n|l|\u2606Eretarus\n","uploadtime":1682523718,"views":17,"p1id":"eretarus","p2id":"hahauragequit","formatid":"gen9vgc2023regulationc","rating":1329,"private":0,"password":""}