{"id":"gen9vgc2023regulationc-1855462971","p1":"hit my whip","p2":"NicoHaxVGC","format":"[Gen 9] VGC 2023 Regulation C","log":"|j|\u2606hit my whip\n|j|\u2606NicoHaxVGC\n|t:|1682953734\n|gametype|doubles\n|player|p1|hit my whip|acetrainerf-gen4dp|1318\n|player|p2|NicoHaxVGC|red|1428\n|teamsize|p1|6\n|teamsize|p2|6\n|gen|9\n|tier|[Gen 9] VGC 2023 Regulation C\n|rated|\n|rule|Species Clause: Limit one of each Pok\u00e9mon\n|rule|Item Clause: Limit one of each item\n|clearpoke\n|poke|p1|Pincurchin, L50, M|\n|poke|p1|Iron Jugulis, L50|\n|poke|p1|Iron Treads, L50|\n|poke|p1|Iron Valiant, L50|\n|poke|p1|Chi-Yu, L50|\n|poke|p1|Gastrodon, L50, F|\n|poke|p2|Corviknight, L50, F|\n|poke|p2|Ting-Lu, L50|\n|poke|p2|Annihilape, L50, M|\n|poke|p2|Amoonguss, L50, F|\n|poke|p2|Iron Bundle, L50|\n|poke|p2|Flutter Mane, L50|\n|teampreview|4\n|inactive|Battle timer is ON: inactive players will automatically lose when time's up. (requested by NicoHaxVGC)\n|inactive|hit my whip also wants the timer to be on.\nNicoHaxVGC has agreed to open team sheets.\n|\n|t:|1682953763\n|start\n|switch|p1a: Iron Jugulis|Iron Jugulis, L50|100\/100\n|switch|p1b: him|Pincurchin, L50, M|100\/100\n|switch|p2a: Star fire|Flutter Mane, L50|100\/100\n|switch|p2b: Cyborg|Iron Bundle, L50|100\/100\n|-fieldstart|move: Electric Terrain|[from] ability: Electric Surge|[of] p1b: him\n|-activate|p2b: Cyborg|ability: Quark Drive\n|-start|p2b: Cyborg|quarkdrivespe\n|-activate|p1a: Iron Jugulis|ability: Quark Drive\n|-start|p1a: Iron Jugulis|quarkdrivespe\n|turn|1\n|inactive|NicoHaxVGC has 30 seconds left.\n|\n|t:|1682953793\n|move|p1a: Iron Jugulis|Protect|p1a: Iron Jugulis\n|-singleturn|p1a: Iron Jugulis|Protect\n|move|p2b: Cyborg|Icy Wind|p1b: him|[spread] p1b\n|-activate|p1a: Iron Jugulis|move: Protect\n|-damage|p1b: him|75\/100\n|-unboost|p1b: him|spe|1\n|move|p2a: Star fire|Dazzling Gleam|p1a: Iron Jugulis|[spread] p1b\n|-activate|p1a: Iron Jugulis|move: Protect\n|-damage|p1b: him|16\/100\n|move|p1b: him|Wild Charge|p2b: Cyborg\n|-supereffective|p2b: Cyborg\n|-damage|p2b: Cyborg|0 fnt\n|faint|p2b: Cyborg\n|-end|p2b: Cyborg|Quark Drive|[silent]\n|-damage|p1b: him|0 fnt|[from] Recoil\n|faint|p1b: him\n|\n|upkeep\n|inactive|NicoHaxVGC has 30 seconds left.\n|\n|t:|1682953819\n|switch|p2b: Beast boy|Ting-Lu, L50|100\/100\n|switch|p1b: Iron Valiant|Iron Valiant, L50|100\/100\n|-activate|p1b: Iron Valiant|ability: Quark Drive\n|-start|p1b: Iron Valiant|quarkdriveatk\n|-ability|p2b: Beast boy|Vessel of Ruin\n|turn|2\n|\n|t:|1682953830\n|switch|p2b: Robin|Annihilape, L50, M|100\/100\n|-terastallize|p2a: Star fire|Fairy\n|-terastallize|p1b: Iron Valiant|Fighting\n|move|p1a: Iron Jugulis|Tailwind|p1a: Iron Jugulis\n|-sidestart|p1: hit my whip|move: Tailwind\n|move|p1b: Iron Valiant|Close Combat|p2b: Robin\n|-immune|p2b: Robin\n|move|p2a: Star fire|Dazzling Gleam|p1b: Iron Valiant|[spread] p1a,p1b\n|-supereffective|p1a: Iron Jugulis\n|-supereffective|p1b: Iron Valiant\n|-damage|p1a: Iron Jugulis|0 fnt\n|-enditem|p1b: Iron Valiant|Focus Sash\n|-damage|p1b: Iron Valiant|1\/100\n|faint|p1a: Iron Jugulis\n|-end|p1a: Iron Jugulis|Quark Drive|[silent]\n|\n|upkeep\n|\n|t:|1682953833\n|switch|p1a: Chi-Yu|Chi-Yu, L50|100\/100\n|-ability|p1a: Chi-Yu|Beads of Ruin\n|turn|3\n|inactive|NicoHaxVGC has 30 seconds left.\n|inactive|NicoHaxVGC has 20 seconds left.\n|inactive|NicoHaxVGC has 15 seconds left.\n|inactive|NicoHaxVGC has 10 seconds left.\n|\n|t:|1682953879\n|-end|p2a: Star fire|Protosynthesis|[silent]\n|switch|p2a: Beast boy|Ting-Lu, L50|100\/100\n|-ability|p2a: Beast boy|Vessel of Ruin\n|move|p1b: Iron Valiant|Spirit Break|p2a: Beast boy\n|-supereffective|p2a: Beast boy\n|-damage|p2a: Beast boy|39\/100\n|-unboost|p2a: Beast boy|spa|1\n|move|p1a: Chi-Yu|Heat Wave|p2b: Robin|[spread] p2a,p2b\n|-damage|p2a: Beast boy|13\/100\n|-damage|p2b: Robin|54\/100\n|move|p2b: Robin|Rage Fist|p1b: Iron Valiant\n|-damage|p1b: Iron Valiant|0 fnt\n|faint|p1b: Iron Valiant\n|-end|p1b: Iron Valiant|Quark Drive|[silent]\n|\n|-heal|p2b: Robin|60\/100|[from] item: Leftovers\n|upkeep\n|turn|4\n|inactive|NicoHaxVGC has 30 seconds left.\n|\n|t:|1682953913\n|move|p1a: Chi-Yu|Heat Wave|p2a: Beast boy|[spread] p2a,p2b\n|-damage|p2a: Beast boy|0 fnt\n|-damage|p2b: Robin|11\/100\n|faint|p2a: Beast boy\n|move|p2b: Robin|Drain Punch|p1a: Chi-Yu\n|-supereffective|p1a: Chi-Yu\n|-damage|p1a: Chi-Yu|0 fnt\n|-heal|p2b: Robin|42\/100|[from] drain|[of] p1a: Chi-Yu\n|faint|p1a: Chi-Yu\n|\n|win|NicoHaxVGC\n|raw|hit my whip's rating: 1318 → 1304<\/strong> (-14 for losing)\n|raw|NicoHaxVGC's rating: 1428 → 1442<\/strong> (+14 for winning)\n|l|\u2606hit my whip\n","uploadtime":1682953920,"views":26,"p1id":"hitmywhip","p2id":"nicohaxvgc","formatid":"gen9vgc2023regulationc","rating":1304,"private":0,"password":""}