{"id":"gen9vgc2023regulationc-1859660521","p1":"metalgymleader","p2":"Ttamato","format":"[Gen 9] VGC 2023 Regulation C","log":"|j|\u2606metalgymleader\n|j|\u2606Ttamato\n|t:|1683553697\n|gametype|doubles\n|player|p1|metalgymleader|colress|1081\n|player|p2|Ttamato|1|1075\n|teamsize|p1|6\n|teamsize|p2|6\n|gen|9\n|tier|[Gen 9] VGC 2023 Regulation C\n|rated|\n|rule|Species Clause: Limit one of each Pok\u00e9mon\n|rule|Item Clause: Limit one of each item\n|clearpoke\n|poke|p1|Dondozo, L50, F|\n|poke|p1|Tatsugiri, L50, M|\n|poke|p1|Iron Bundle, L50|\n|poke|p1|Pelipper, L50, F|\n|poke|p1|Flutter Mane, L50|\n|poke|p1|Dragonite, L50, M|\n|poke|p2|Oricorio-Sensu, L50, F|\n|poke|p2|Volcarona, L50, F|\n|poke|p2|Pelipper, L50, M|\n|poke|p2|Clodsire, L50, F|\n|poke|p2|Lilligant, L50, F|\n|poke|p2|Garganacl, L50, F|\n|teampreview|4\n|\n|t:|1683553706\n|start\n|switch|p1a: Dondozo|Dondozo, L50, F, shiny|100\/100\n|switch|p1b: Iron Bundle|Iron Bundle, L50, shiny|100\/100\n|switch|p2a: Oricorio|Oricorio-Sensu, L50, F|100\/100\n|switch|p2b: Volcarona|Volcarona, L50, F|100\/100\n|-enditem|p1b: Iron Bundle|Booster Energy\n|-activate|p1b: Iron Bundle|ability: Quark Drive|[fromitem]\n|-start|p1b: Iron Bundle|quarkdrivespe\n|turn|1\n|\n|t:|1683553744\n|-terastallize|p1a: Dondozo|Ground\n|move|p1b: Iron Bundle|Flip Turn|p1a: Dondozo\n|-supereffective|p1a: Dondozo\n|-damage|p1a: Dondozo|86\/100\n|-enditem|p1a: Dondozo|Weakness Policy\n|-boost|p1a: Dondozo|atk|2|[from] item: Weakness Policy\n|-boost|p1a: Dondozo|spa|2|[from] item: Weakness Policy\n|\n|t:|1683553751\n|-end|p1b: Iron Bundle|Quark Drive|[silent]\n|switch|p1b: Tatsugiri|Tatsugiri, L50, M, shiny|100\/100|[from] Flip Turn\n|-activate|p1b: Tatsugiri|ability: Commander|[of] p1a: Dondozo\n|-boost|p1a: Dondozo|atk|2\n|-boost|p1a: Dondozo|spa|2\n|-boost|p1a: Dondozo|spe|2\n|-boost|p1a: Dondozo|def|2\n|-boost|p1a: Dondozo|spd|2\n|move|p2a: Oricorio|Calm Mind|p2a: Oricorio\n|-boost|p2a: Oricorio|spa|1\n|-boost|p2a: Oricorio|spd|1\n|move|p2b: Volcarona|Quiver Dance|p2b: Volcarona\n|-boost|p2b: Volcarona|spa|1\n|-boost|p2b: Volcarona|spd|1\n|-boost|p2b: Volcarona|spe|1\n|-activate|p2a: Oricorio|ability: Dancer\n|move|p2a: Oricorio|Quiver Dance|p2a: Oricorio|[from]ability: Dancer\n|-boost|p2a: Oricorio|spa|1\n|-boost|p2a: Oricorio|spd|1\n|-boost|p2a: Oricorio|spe|1\n|move|p1a: Dondozo|Earthquake|p2b: Volcarona|[spread] p2b\n|-miss|p1a: Dondozo|p1b: Tatsugiri\n|-immune|p2a: Oricorio\n|-enditem|p2b: Volcarona|Focus Sash\n|-damage|p2b: Volcarona|1\/100\n|\n|upkeep\n|turn|2\n|\n|t:|1683553803\n|move|p2b: Volcarona|Protect|p2b: Volcarona\n|-singleturn|p2b: Volcarona|Protect\n|move|p2a: Oricorio|Revelation Dance|p1a: Dondozo\n|-damage|p1a: Dondozo|64\/100\n|move|p1a: Dondozo|Wave Crash|p2a: Oricorio\n|-damage|p2a: Oricorio|0 fnt\n|faint|p2a: Oricorio\n|-damage|p1a: Dondozo|45\/100|[from] Recoil\n|\n|upkeep\n|\n|t:|1683553815\n|switch|p2a: Clodsire|Clodsire, L50, F|100\/100\n|turn|3\n|\n|t:|1683553824\n|move|p2b: Volcarona|Giga Drain|p1a: Dondozo\n|-supereffective|p1a: Dondozo\n|-damage|p1a: Dondozo|15\/100\n|-heal|p2b: Volcarona|21\/100|[from] drain|[of] p1a: Dondozo\n|move|p1a: Dondozo|Earthquake|p2b: Volcarona|[spread] p2a,p2b\n|-miss|p1a: Dondozo|p1b: Tatsugiri\n|-supereffective|p2a: Clodsire\n|-damage|p2a: Clodsire|0 fnt\n|-damage|p2b: Volcarona|0 fnt\n|faint|p2a: Clodsire\n|faint|p2b: Volcarona\n|\n|upkeep\n|-message|Ttamato forfeited.\n|\n|win|metalgymleader\n|raw|metalgymleader's rating: 1081 → 1108<\/strong> (+27 for winning)\n|raw|Ttamato's rating: 1075 → 1054<\/strong> (-21 for losing)\n|l|\u2606Ttamato\n","uploadtime":1683553873,"views":10,"p1id":"metalgymleader","p2id":"ttamato","formatid":"gen9vgc2023regulationc","rating":1054,"private":0,"password":""}