{"id":"gen9vgc2023regulationc-1854498374","p1":"Felipe.Miller.V","p2":"No heart no dream","format":"[Gen 9] VGC 2023 Regulation C","log":"|j|\u2606Felipe.Miller.V\n|j|\u2606No heart no dream\n|t:|1682818739\n|gametype|doubles\n|player|p1|Felipe.Miller.V|266|1172\n|player|p2|No heart no dream|marnie-masters3|1227\n|teamsize|p1|6\n|teamsize|p2|6\n|gen|9\n|tier|[Gen 9] VGC 2023 Regulation C\n|rated|\n|rule|Species Clause: Limit one of each Pok\u00e9mon\n|rule|Item Clause: Limit one of each item\n|clearpoke\n|poke|p1|Ceruledge, L50, F|\n|poke|p1|Maushold, L50|\n|poke|p1|Sylveon, L50, F|\n|poke|p1|Hatterene, L50, F|\n|poke|p1|Heracross, L50, F|\n|poke|p1|Oranguru, L50, F|\n|poke|p2|Amoonguss, L50, M|\n|poke|p2|Arcanine, L50, M|\n|poke|p2|Flutter Mane, L50|\n|poke|p2|Scream Tail, L50|\n|poke|p2|Gothitelle, L50, F|\n|poke|p2|Palafin, L50, F|\n|teampreview|4\n|inactive|Battle timer is ON: inactive players will automatically lose when time's up. (requested by No heart no dream)\n|inactive|Felipe.Miller.V has 60 seconds left.\n|\n|t:|1682818786\n|start\n|switch|p1a: Oranguru|Oranguru, L50, F, shiny|100\/100\n|switch|p1b: Heracross|Heracross, L50, F, shiny|100\/100\n|switch|p2a: Flutter Mane|Flutter Mane, L50|100\/100\n|switch|p2b: Amoonguss|Amoonguss, L50, M|100\/100\n|turn|1\n|inactive|Felipe.Miller.V has 30 seconds left.\n|inactive|Felipe.Miller.V has 20 seconds left.\n|\n|t:|1682818824\n|move|p1b: Heracross|Protect|p1b: Heracross\n|-singleturn|p1b: Heracross|Protect\n|move|p2a: Flutter Mane|Moonblast|p1b: Heracross\n|-activate|p1b: Heracross|move: Protect\n|move|p2b: Amoonguss|Spore|p1b: Heracross\n|-activate|p1b: Heracross|move: Protect\n|move|p1a: Oranguru|Trick Room|p1a: Oranguru\n|-fieldstart|move: Trick Room|[of] p1a: Oranguru\n|\n|upkeep\n|turn|2\n|\n|t:|1682818843\n|-terastallize|p1b: Heracross|Grass\n|move|p2b: Amoonguss|Spore|p1b: Heracross\n|-immune|p1b: Heracross\n|move|p1a: Oranguru|Psyshock|p2b: Amoonguss\n|-supereffective|p2b: Amoonguss\n|-crit|p2b: Amoonguss\n|-damage|p2b: Amoonguss|40\/100\n|move|p1b: Heracross|Bullet Seed|p2a: Flutter Mane\n|-damage|p2a: Flutter Mane|72\/100\n|-damage|p2a: Flutter Mane|42\/100\n|-damage|p2a: Flutter Mane|10\/100\n|-crit|p2a: Flutter Mane\n|-damage|p2a: Flutter Mane|0 fnt\n|faint|p2a: Flutter Mane\n|-end|p2a: Flutter Mane|Protosynthesis|[silent]\n|-ability|p1b: Heracross|Moxie|boost\n|-boost|p1b: Heracross|atk|1\n|-hitcount|p2: Flutter Mane|4\n|\n|upkeep\n|-message|No heart no dream forfeited.\n|\n|win|Felipe.Miller.V\n|raw|Felipe.Miller.V's rating: 1172 → 1201<\/strong> (+29 for winning)\n|raw|No heart no dream's rating: 1227 → 1198<\/strong> (-29 for losing)\n|l|\u2606No heart no dream\n","uploadtime":1682818862,"views":13,"p1id":"felipemillerv","p2id":"noheartnodream","formatid":"gen9vgc2023regulationc","rating":1198,"private":0,"password":""}