{"id":"gen9vgc2023regulationc-1847279153","p1":"JB184351","p2":"zjeskin","format":"[Gen 9] VGC 2023 Regulation C","log":"|j|\u2606JB184351\n|j|\u2606zjeskin\n|t:|1681934144\n|gametype|doubles\n|player|p1|JB184351|170|1345\n|player|p2|zjeskin|102|1305\n|teamsize|p1|6\n|teamsize|p2|6\n|gen|9\n|tier|[Gen 9] VGC 2023 Regulation C\n|rated|\n|rule|Species Clause: Limit one of each Pok\u00e9mon\n|rule|Item Clause: Limit one of each item\n|clearpoke\n|poke|p1|Scizor, L50, M|\n|poke|p1|Flutter Mane, L50|\n|poke|p1|Chi-Yu, L50|\n|poke|p1|Tauros-Paldea-Blaze, L50, M|\n|poke|p1|Iron Bundle, L50|\n|poke|p1|Klefki, L50, M|\n|poke|p2|Garganacl, L50, M|\n|poke|p2|Great Tusk, L50|\n|poke|p2|Chien-Pao, L50|\n|poke|p2|Iron Bundle, L50|\n|poke|p2|Palafin, L50, F|\n|poke|p2|Amoonguss, L50, F|\n|teampreview|4\nJB184351 rejected open team sheets.\n|inactive|Battle timer is ON: inactive players will automatically lose when time's up. (requested by zjeskin)\n|inactive|JB184351 has 60 seconds left.\n|\n|t:|1681934220\n|start\n|switch|p1a: Chi-Yu|Chi-Yu, L50|100\/100\n|switch|p1b: Iron Bundle|Iron Bundle, L50|100\/100\n|switch|p2a: Garganacl|Garganacl, L50, M|100\/100\n|switch|p2b: Palafin|Palafin, L50, F, shiny|100\/100\n|-ability|p1a: Chi-Yu|Beads of Ruin\n|-enditem|p1b: Iron Bundle|Booster Energy\n|-activate|p1b: Iron Bundle|ability: Quark Drive|[fromitem]\n|-start|p1b: Iron Bundle|quarkdrivespe\n|turn|1\n|\n|t:|1681934240\n|detailschange|p2b: Palafin|Palafin-Hero, L50, F, shiny\n|switch|p2b: Great Tusk|Great Tusk, L50|100\/100\n|move|p2a: Garganacl|Wide Guard|p2a: Garganacl\n|-singleturn|p2a: Garganacl|Wide Guard\n|move|p1b: Iron Bundle|Hydro Pump|p2a: Garganacl\n|-supereffective|p2a: Garganacl\n|-damage|p2a: Garganacl|2\/100\n|move|p1a: Chi-Yu|Dark Pulse|p2b: Great Tusk\n|-resisted|p2b: Great Tusk\n|-damage|p2b: Great Tusk|74\/100\n|\n|-heal|p2a: Garganacl|8\/100|[from] item: Leftovers\n|upkeep\n|turn|2\n|\n|t:|1681934260\n|move|p2a: Garganacl|Wide Guard|p2a: Garganacl\n|-singleturn|p2a: Garganacl|Wide Guard\n|move|p1b: Iron Bundle|Freeze-Dry|p2b: Great Tusk\n|-supereffective|p2b: Great Tusk\n|-damage|p2b: Great Tusk|0 fnt\n|faint|p2b: Great Tusk\n|-end|p2b: Great Tusk|Protosynthesis|[silent]\n|move|p1a: Chi-Yu|Dark Pulse|p2a: Garganacl\n|-damage|p2a: Garganacl|0 fnt\n|faint|p2a: Garganacl\n|\n|upkeep\n|\n|t:|1681934266\n|switch|p2b: Iron Bundle|Iron Bundle, L50, shiny|100\/100\n|switch|p2a: Palafin|Palafin-Hero, L50, F, shiny|100\/100\n|-activate|p2a: Palafin|ability: Zero to Hero\n|-enditem|p2b: Iron Bundle|Booster Energy\n|-activate|p2b: Iron Bundle|ability: Quark Drive|[fromitem]\n|-start|p2b: Iron Bundle|quarkdrivespe\n|turn|3\n|\n|t:|1681934280\n|-terastallize|p2a: Palafin|Water\n|move|p2b: Iron Bundle|Protect|p2b: Iron Bundle\n|-singleturn|p2b: Iron Bundle|Protect\n|move|p1b: Iron Bundle|Freeze-Dry|p2a: Palafin\n|-supereffective|p2a: Palafin\n|-damage|p2a: Palafin|2\/100\n|move|p1a: Chi-Yu|Dark Pulse|p2a: Palafin\n|-damage|p2a: Palafin|0 fnt\n|faint|p2a: Palafin\n|\n|upkeep\n|turn|4\n|l|\u2606zjeskin\n|inactive|zjeskin disconnected and has a minute to reconnect!\n|player|p2|\n|inactive|zjeskin has 30 seconds left.\n|inactive|zjeskin has 20 seconds left.\n|inactive|zjeskin has 15 seconds left.\n|inactive|zjeskin has 10 seconds left.\n|inactive|zjeskin has 5 seconds left.\n|-message|zjeskin lost due to inactivity.\n|\n|win|JB184351\n|raw|JB184351's rating: 1345 → 1363<\/strong> (+18 for winning)\n|raw|zjeskin's rating: 1305 → 1287<\/strong> (-18 for losing)\n|l|\u2606JB184351\n","uploadtime":1681934343,"views":11,"p1id":"jb184351","p2id":"zjeskin","formatid":"gen9vgc2023regulationc","rating":1287,"private":0,"password":""}