{"id":"gen9vgc2023regulationc-1855683025","p1":"TrainerDylan24","p2":"Mercury95","format":"[Gen 9] VGC 2023 Regulation C","log":"|j|\u2606TrainerDylan24\n|j|\u2606Mercury95\n|t:|1682972874\n|gametype|doubles\n|player|p1|TrainerDylan24|grimsley|1144\n|player|p2|Mercury95|170|1061\n|teamsize|p1|6\n|teamsize|p2|6\n|gen|9\n|tier|[Gen 9] VGC 2023 Regulation C\n|rated|\n|rule|Species Clause: Limit one of each Pok\u00e9mon\n|rule|Item Clause: Limit one of each item\n|clearpoke\n|poke|p1|Torkoal, L50, M|\n|poke|p1|Lilligant, L50, F|\n|poke|p1|Kilowattrel, L50, M|\n|poke|p1|Amoonguss, L50, F|\n|poke|p1|Roaring Moon, L50|\n|poke|p1|Arcanine, L50, F|\n|poke|p2|Amoonguss, L50, M|\n|poke|p2|Flutter Mane, L50|\n|poke|p2|Gyarados, L50, F|\n|poke|p2|Garchomp, L50, F|\n|poke|p2|Talonflame, L50, F|\n|poke|p2|Chien-Pao, L50|\n|teampreview|4\n|\n|t:|1682972959\n|start\n|switch|p1a: Roaring Moon|Roaring Moon, L50, shiny|100\/100\n|switch|p1b: Kilowattrel|Kilowattrel, L50, M, shiny|100\/100\n|switch|p2a: Talonflame|Talonflame, L50, F|100\/100\n|switch|p2b: Garchomp|Garchomp, L50, F|100\/100\n|-enditem|p1a: Roaring Moon|Booster Energy\n|-activate|p1a: Roaring Moon|ability: Protosynthesis|[fromitem]\n|-start|p1a: Roaring Moon|protosynthesisspe\n|turn|1\n|\n|t:|1682973000\n|-terastallize|p2b: Garchomp|Water\n|move|p1a: Roaring Moon|Breaking Swipe|p2b: Garchomp|[spread] p2a,p2b\n|-damage|p2a: Talonflame|68\/100\n|-damage|p2b: Garchomp|76\/100\n|-unboost|p2b: Garchomp|atk|1\n|move|p2b: Garchomp|Rock Slide|p1b: Kilowattrel|[spread] p1a,p1b\n|-supereffective|p1b: Kilowattrel\n|-damage|p1a: Roaring Moon|83\/100\n|-damage|p1b: Kilowattrel|43\/100\n|move|p1b: Kilowattrel|Tailwind|p1b: Kilowattrel\n|-sidestart|p1: TrainerDylan24|move: Tailwind\n|-start|p1b: Kilowattrel|Charge|Tailwind|[from] ability: Wind Power\n|move|p2a: Talonflame|Will-O-Wisp|p1a: Roaring Moon\n|-status|p1a: Roaring Moon|brn\n|\n|-damage|p1a: Roaring Moon|77\/100 brn|[from] brn\n|upkeep\n|turn|2\n|\n|t:|1682973043\n|switch|p2b: Chien-Pao|Chien-Pao, L50|100\/100\n|-ability|p2b: Chien-Pao|Sword of Ruin\n|switch|p2a: Flutter Mane|Flutter Mane, L50, shiny|100\/100\n|move|p1a: Roaring Moon|Acrobatics|p2a: Flutter Mane\n|-damage|p2a: Flutter Mane|56\/100\n|move|p1b: Kilowattrel|Volt Switch|p2b: Chien-Pao\n|-enditem|p2b: Chien-Pao|Focus Sash\n|-damage|p2b: Chien-Pao|1\/100\n|-damage|p1b: Kilowattrel|33\/100|[from] item: Life Orb\n|-end|p1b: Kilowattrel|Charge|[silent]\n|\n|t:|1682973062\n|switch|p1b: Torkoal|Torkoal, L50, M, shiny|100\/100|[from] Volt Switch\n|-weather|SunnyDay|[from] ability: Drought|[of] p1b: Torkoal\n|-activate|p2a: Flutter Mane|ability: Protosynthesis\n|-start|p2a: Flutter Mane|protosynthesisspa\n|\n|-weather|SunnyDay|[upkeep]\n|-damage|p1a: Roaring Moon|70\/100 brn|[from] brn\n|upkeep\n|turn|3\n|-message|Mercury95 forfeited.\n|\n|win|TrainerDylan24\n|raw|TrainerDylan24's rating: 1144 → 1163<\/strong> (+19 for winning)\n|raw|Mercury95's rating: 1061 → 1046<\/strong> (-15 for losing)\n|l|\u2606Mercury95\n","uploadtime":1682973080,"views":14,"p1id":"trainerdylan24","p2id":"mercury95","formatid":"gen9vgc2023regulationc","rating":1046,"private":0,"password":""}