{"id":"gen9vgc2023regulationc-1856137014","p1":"pultrah","p2":"Rykard","format":"[Gen 9] VGC 2023 Regulation C","log":"|j|\u2606pultrah\n|j|\u2606Rykard\n|t:|1683034006\n|gametype|doubles\n|player|p1|pultrah|101|1166\n|player|p2|Rykard|hiker-gen4|1175\n|teamsize|p1|6\n|teamsize|p2|6\n|gen|9\n|tier|[Gen 9] VGC 2023 Regulation C\n|rated|\n|rule|Species Clause: Limit one of each Pok\u00e9mon\n|rule|Item Clause: Limit one of each item\n|clearpoke\n|poke|p1|Ting-Lu, L50|\n|poke|p1|Garganacl, L50, F|\n|poke|p1|Amoonguss, L50, M|\n|poke|p1|Arcanine, L50, M|\n|poke|p1|Roaring Moon, L50|\n|poke|p1|Iron Bundle, L50|\n|poke|p2|Gothitelle, L50, M|\n|poke|p2|Iron Thorns, L50|\n|poke|p2|Amoonguss, L50, F|\n|poke|p2|Arcanine, L50, M|\n|poke|p2|Gholdengo, L50|\n|poke|p2|Rotom-Wash, L50|\n|teampreview|4\n|inactive|Battle timer is ON: inactive players will automatically lose when time's up. (requested by pultrah)\n|inactive|pultrah has 60 seconds left.\n|inactive|Rykard has 60 seconds left.\n|\n|t:|1683034067\n|start\n|switch|p1a: Garganacl|Garganacl, L50, F|100\/100\n|switch|p1b: Iron Bundle|Iron Bundle, L50|100\/100\n|switch|p2a: Gothitelle|Gothitelle, L50, M|100\/100\n|switch|p2b: Arcanine|Arcanine, L50, M|100\/100\n|-ability|p2b: Arcanine|Intimidate|boost\n|-unboost|p1a: Garganacl|atk|1\n|-unboost|p1b: Iron Bundle|atk|1\n|turn|1\n|inactive|pultrah has 30 seconds left.\n|inactive|Rykard has 30 seconds left.\n|\n|t:|1683034097\n|move|p1b: Iron Bundle|Protect|p1b: Iron Bundle\n|-singleturn|p1b: Iron Bundle|Protect\n|move|p2a: Gothitelle|Fake Out|p1b: Iron Bundle\n|-activate|p1b: Iron Bundle|move: Protect\n|move|p2b: Arcanine|Flare Blitz|p1b: Iron Bundle\n|-activate|p1b: Iron Bundle|move: Protect\n|move|p1a: Garganacl|Salt Cure|p2a: Gothitelle\n|-damage|p2a: Gothitelle|91\/100\n|-start|p2a: Gothitelle|Salt Cure\n|\n|-damage|p2a: Gothitelle|79\/100|[from] Salt Cure\n|upkeep\n|turn|2\n|\n|t:|1683034117\n|-terastallize|p2a: Gothitelle|Fighting\n|move|p2b: Arcanine|Protect|p2b: Arcanine\n|-singleturn|p2b: Arcanine|Protect\n|move|p1b: Iron Bundle|Encore|p2a: Gothitelle\n|-start|p2a: Gothitelle|Encore\n|move|p2a: Gothitelle|Fake Out||[still]\n|-hint|Fake Out only works on your first turn out.\n|-fail|p2a: Gothitelle\n|move|p1a: Garganacl|Salt Cure|p2b: Arcanine\n|-activate|p2b: Arcanine|move: Protect\n|\n|-damage|p2a: Gothitelle|67\/100|[from] Salt Cure\n|upkeep\n|turn|3\n|-message|Rykard forfeited.\n|\n|win|pultrah\n|raw|pultrah's rating: 1166 → 1192<\/strong> (+26 for winning)\n|raw|Rykard's rating: 1175 → 1149<\/strong> (-26 for losing)\n|l|\u2606Rykard\n","uploadtime":1683034160,"views":11,"p1id":"pultrah","p2id":"rykard","formatid":"gen9vgc2023regulationc","rating":1149,"private":0,"password":""}