{"id":"gen9vgc2023regulationc-1851609825","p1":"086yg","p2":"Ubsurdnotion","format":"[Gen 9] VGC 2023 Regulation C","log":"|j|\u2606086yg\n|j|\u2606Ubsurdnotion\n|t:|1682460881\n|gametype|doubles\n|player|p1|086yg|worker|1045\n|player|p2|Ubsurdnotion|roughneck-gen4|1118\n|teamsize|p1|6\n|teamsize|p2|6\n|gen|9\n|tier|[Gen 9] VGC 2023 Regulation C\n|rated|\n|rule|Species Clause: Limit one of each Pok\u00e9mon\n|rule|Item Clause: Limit one of each item\n|clearpoke\n|poke|p1|Murkrow, L50, M|\n|poke|p1|Chi-Yu, L50|\n|poke|p1|Flutter Mane, L50|\n|poke|p1|Great Tusk, L50|\n|poke|p1|Brute Bonnet, L50|\n|poke|p1|Corviknight, L50, F|\n|poke|p2|Talonflame, L50, F|\n|poke|p2|Great Tusk, L50|\n|poke|p2|Tyranitar, L50, M|\n|poke|p2|Iron Bundle, L50|\n|poke|p2|Mimikyu, L50, M|\n|poke|p2|Amoonguss, L50, F|\n|teampreview|4\n|inactive|Battle timer is ON: inactive players will automatically lose when time's up. (requested by 086yg)\n|inactive|086yg has 60 seconds left.\n|inactive|Ubsurdnotion has 60 seconds left.\n|\n|t:|1682460933\n|start\n|switch|p1a: Murkrow|Murkrow, L50, M, shiny|100\/100\n|switch|p1b: Flutter Mane|Flutter Mane, L50|100\/100\n|switch|p2a: Talonflame|Talonflame, L50, F|100\/100\n|switch|p2b: Mimikyu|Mimikyu, L50, M|100\/100\n|turn|1\n|\n|t:|1682460957\n|move|p2a: Talonflame|Tailwind|p2a: Talonflame\n|-sidestart|p2: Ubsurdnotion|move: Tailwind\n|move|p1a: Murkrow|Sunny Day|p1a: Murkrow\n|-weather|SunnyDay\n|-activate|p1b: Flutter Mane|ability: Protosynthesis\n|-start|p1b: Flutter Mane|protosynthesisspa\n|move|p2b: Mimikyu|Swords Dance|p2b: Mimikyu\n|-boost|p2b: Mimikyu|atk|2\n|move|p1b: Flutter Mane|Psyshock|p2a: Talonflame\n|-crit|p2a: Talonflame\n|-damage|p2a: Talonflame|0 fnt\n|faint|p2a: Talonflame\n|\n|-weather|SunnyDay|[upkeep]\n|upkeep\n|\n|t:|1682460971\n|switch|p2a: Great Tusk|Great Tusk, L50|100\/100\n|-activate|p2a: Great Tusk|ability: Protosynthesis\n|-start|p2a: Great Tusk|protosynthesisatk\n|turn|2\n|\n|t:|1682460984\n|-end|p1b: Flutter Mane|Protosynthesis|[silent]\n|switch|p1b: Corviknight|Corviknight, L50, F|100\/100\n|-terastallize|p2b: Mimikyu|Ghost\n|move|p2b: Mimikyu|Shadow Sneak|p1b: Corviknight\n|-damage|p1b: Corviknight|50\/100\n|-damage|p2b: Mimikyu|91\/100|[from] item: Life Orb\n|move|p1a: Murkrow|Tailwind|p1a: Murkrow\n|-sidestart|p1: 086yg|move: Tailwind\n|move|p2a: Great Tusk|Head Smash|p1a: Murkrow\n|-supereffective|p1a: Murkrow\n|-damage|p1a: Murkrow|0 fnt\n|faint|p1a: Murkrow\n|-damage|p2a: Great Tusk|57\/100|[from] Recoil\n|\n|-weather|SunnyDay|[upkeep]\n|upkeep\n|\n|t:|1682461006\n|switch|p1a: Great Tusk|Great Tusk, L50|100\/100\n|-activate|p1a: Great Tusk|ability: Protosynthesis\n|-start|p1a: Great Tusk|protosynthesisatk\n|turn|3\n|inactive|Ubsurdnotion has 30 seconds left.\n|\n|t:|1682461037\n|move|p2a: Great Tusk|Head Smash|p1b: Corviknight\n|-damage|p1b: Corviknight|0 fnt\n|faint|p1b: Corviknight\n|-damage|p2a: Great Tusk|32\/100|[from] Recoil\n|move|p1a: Great Tusk|Earthquake|p2a: Great Tusk|[spread] p2a,p2b\n|-damage|p2a: Great Tusk|0 fnt\n|-activate|p2b: Mimikyu|ability: Disguise\n|-damage|p2b: Mimikyu|91\/100\n|detailschange|p2b: Mimikyu|Mimikyu-Busted, L50, M, tera:Ghost\n|-damage|p2b: Mimikyu|78\/100|[from] pokemon: Mimikyu-Busted\n|faint|p2a: Great Tusk\n|-end|p2a: Great Tusk|Protosynthesis|[silent]\n|move|p2b: Mimikyu|Play Rough|p1a: Great Tusk\n|-supereffective|p1a: Great Tusk\n|-damage|p1a: Great Tusk|0 fnt\n|faint|p1a: Great Tusk\n|-end|p1a: Great Tusk|Protosynthesis|[silent]\n|-damage|p2b: Mimikyu|68\/100|[from] item: Life Orb\n|\n|-weather|SunnyDay|[upkeep]\n|upkeep\n|\n|t:|1682461055\n|switch|p2a: Iron Bundle|Iron Bundle, L50|100\/100\n|switch|p1b: Flutter Mane|Flutter Mane, L50|100\/100\n|-activate|p1b: Flutter Mane|ability: Protosynthesis\n|-start|p1b: Flutter Mane|protosynthesisspa\n|turn|4\n|\n|t:|1682461069\n|-terastallize|p1b: Flutter Mane|Fairy\n|move|p2b: Mimikyu|Shadow Sneak|p1b: Flutter Mane\n|-damage|p1b: Flutter Mane|0 fnt\n|faint|p1b: Flutter Mane\n|-end|p1b: Flutter Mane|Protosynthesis|[silent]\n|-damage|p2b: Mimikyu|59\/100|[from] item: Life Orb\n|\n|win|Ubsurdnotion\n|raw|086yg's rating: 1045 → 1032<\/strong> (-13 for losing)\n|raw|Ubsurdnotion's rating: 1118 → 1138<\/strong> (+20 for winning)\n|l|\u2606086yg\n|c|\u2606Ubsurdnotion|gg\n","uploadtime":1682461082,"views":11,"p1id":"086yg","p2id":"ubsurdnotion","formatid":"gen9vgc2023regulationc","rating":1032,"private":0,"password":""}