{"id":"gen9vgc2023regulationc-1852403030","p1":"ob0b","p2":"w2lnut","format":"[Gen 9] VGC 2023 Regulation C","log":"|j|\u2606ob0b\n|j|\u2606w2lnut\n|t:|1682553289\n|gametype|doubles\n|player|p1|ob0b|swimmer-gen4|1636\n|player|p2|w2lnut|cynthia|1570\n|teamsize|p1|6\n|teamsize|p2|6\n|gen|9\n|tier|[Gen 9] VGC 2023 Regulation C\n|rated|\n|rule|Species Clause: Limit one of each Pok\u00e9mon\n|rule|Item Clause: Limit one of each item\n|clearpoke\n|poke|p1|Indeedee-F, L50, F|\n|poke|p1|Armarouge, L50, F|\n|poke|p1|Torkoal, L50, F|\n|poke|p1|Hatterene, L50, F|\n|poke|p1|Hariyama, L50, M|\n|poke|p1|Iron Hands, L50|\n|poke|p2|Talonflame, L50, M|\n|poke|p2|Garchomp, L50, M|\n|poke|p2|Flutter Mane, L50|\n|poke|p2|Iron Bundle, L50|\n|poke|p2|Amoonguss, L50, F|\n|poke|p2|Kingambit, L50, F|\n|teampreview|4\n|inactive|Battle timer is ON: inactive players will automatically lose when time's up. (requested by ob0b)\nob0b rejected open team sheets.\n|j| jherfbnoique\n|inactive|ob0b has 60 seconds left.\n|inactive|w2lnut has 60 seconds left.\n|l| jherfbnoique\n|inactive|w2lnut has 30 seconds left.\n|inactive|w2lnut has 20 seconds left.\n|inactive|w2lnut has 15 seconds left.\n|inactive|w2lnut has 10 seconds left.\n|inactive|w2lnut has 5 seconds left.\n|\n|t:|1682553380\n|start\n|switch|p1a: Inseedee|Indeedee-F, L50, F|100\/100\n|switch|p1b: Dewtree|Hatterene, L50, F, shiny|100\/100\n|switch|p2a: Talonflame|Talonflame, L50, M|100\/100\n|switch|p2b: Garchomp|Garchomp, L50, M|100\/100\n|-fieldstart|move: Psychic Terrain|[from] ability: Psychic Surge|[of] p1a: Inseedee\n|-enditem|p1a: Inseedee|Psychic Seed\n|-boost|p1a: Inseedee|spd|1|[from] item: Psychic Seed\n|turn|1\n|inactive|ob0b has 30 seconds left.\n|inactive|w2lnut has 30 seconds left.\n|inactive|w2lnut has 20 seconds left.\n|inactive|w2lnut has 15 seconds left.\n|inactive|w2lnut has 10 seconds left.\n|inactive|w2lnut has 5 seconds left.\n|\n|t:|1682553435\n|-terastallize|p1a: Inseedee|Grass\n|move|p2b: Garchomp|Protect|p2b: Garchomp\n|-singleturn|p2b: Garchomp|Protect\n|move|p2a: Talonflame|Tailwind|p2a: Talonflame\n|-sidestart|p2: w2lnut|move: Tailwind\n|move|p1a: Inseedee|Trick Room|p1a: Inseedee\n|-fieldstart|move: Trick Room|[of] p1a: Inseedee\n|move|p1b: Dewtree|Trick Room|p1b: Dewtree\n|-fieldend|move: Trick Room\n|\n|upkeep\n|turn|2\n|-message|ob0b forfeited.\n|\n|win|w2lnut\n|raw|ob0b's rating: 1636 → 1612<\/strong> (-24 for losing)\n|raw|w2lnut's rating: 1570 → 1594<\/strong> (+24 for winning)\n|l|\u2606ob0b\n","uploadtime":1682553494,"views":18,"p1id":"ob0b","p2id":"w2lnut","formatid":"gen9vgc2023regulationc","rating":1594,"private":0,"password":""}