{"id":"gen9vgc2023regulationc-1845538969","p1":"Piloufis","p2":"anboxing","format":"[Gen 9] VGC 2023 Regulation C","log":"|j|\u2606Piloufis\n|j|\u2606anboxing\n|t:|1681743227\n|gametype|doubles\n|player|p1|Piloufis|silver|1029\n|player|p2|anboxing|fisherman-gen4|1002\n|teamsize|p1|6\n|teamsize|p2|6\n|gen|9\n|tier|[Gen 9] VGC 2023 Regulation C\n|rated|\n|rule|Species Clause: Limit one of each Pok\u00e9mon\n|rule|Item Clause: Limit one of each item\n|clearpoke\n|poke|p1|Flutter Mane, L50|\n|poke|p1|Lilligant, L50, F|\n|poke|p1|Torkoal, L50, F|\n|poke|p1|Annihilape, L50, M|\n|poke|p1|Great Tusk, L50|\n|poke|p1|Gyarados, L50, M|\n|poke|p2|Kingambit, L50, F|\n|poke|p2|Amoonguss, L50, M|\n|poke|p2|Torkoal, L50, M|\n|poke|p2|Indeedee-F, L50, F|\n|poke|p2|Sudowoodo, L50, M|\n|poke|p2|Bronzong, L50|\n|teampreview|4\nanboxing has agreed to open team sheets.\nPiloufis has agreed to open team sheets.\n|inactive|Battle timer is ON: inactive players will automatically lose when time's up. (requested by Piloufis)\n|\n|t:|1681743317\n|start\n|switch|p1a: Lilligant|Lilligant, L50, F|100\/100\n|switch|p1b: Torkoal|Torkoal, L50, F|100\/100\n|switch|p2a: Amoonguss|Amoonguss, L50, M|100\/100\n|switch|p2b: Indeedee|Indeedee-F, L50, F|100\/100\n|-fieldstart|move: Psychic Terrain|[from] ability: Psychic Surge|[of] p2b: Indeedee\n|-enditem|p2b: Indeedee|Psychic Seed\n|-boost|p2b: Indeedee|spd|1|[from] item: Psychic Seed\n|-weather|SunnyDay|[from] ability: Drought|[of] p1b: Torkoal\n|turn|1\n|inactive|Piloufis has 30 seconds left.\n|\n|t:|1681743344\n|move|p2a: Amoonguss|Rage Powder|p2a: Amoonguss\n|-singleturn|p2a: Amoonguss|move: Rage Powder\n|move|p1a: Lilligant|After You|p1b: Torkoal\n|-activate|p1b: Torkoal|move: After You\n|move|p1b: Torkoal|Eruption|p2a: Amoonguss|[spread] p2a,p2b\n|-supereffective|p2a: Amoonguss\n|-damage|p2a: Amoonguss|0 fnt\n|-damage|p2b: Indeedee|48\/100\n|faint|p2a: Amoonguss\n|move|p2b: Indeedee|Trick Room|p2b: Indeedee\n|-fieldstart|move: Trick Room|[of] p2b: Indeedee\n|\n|-weather|SunnyDay|[upkeep]\n|upkeep\n|\n|t:|1681743358\n|switch|p2a: Bronzong|Bronzong, L50|100\/100\n|turn|2\n|\n|t:|1681743372\n|-terastallize|p2a: Bronzong|Electric\n|move|p1a: Lilligant|Protect|p1a: Lilligant\n|-singleturn|p1a: Lilligant|Protect\n|move|p2b: Indeedee|Follow Me|p2b: Indeedee\n|-singleturn|p2b: Indeedee|move: Follow Me\n|move|p1b: Torkoal|Eruption|p2b: Indeedee|[spread] p2a,p2b\n|-damage|p2a: Bronzong|33\/100\n|-damage|p2b: Indeedee|0 fnt\n|faint|p2b: Indeedee\n|move|p2a: Bronzong|Body Press|p1b: Torkoal\n|-damage|p1b: Torkoal|82\/100\n|\n|-weather|SunnyDay|[upkeep]\n|upkeep\n|\n|t:|1681743396\n|switch|p2b: Kingambit|Kingambit, L50, F|100\/100\n|turn|3\n|\n|t:|1681743407\n|move|p2b: Kingambit|Sucker Punch|p1b: Torkoal\n|-activate|p1b: Torkoal|move: Psychic Terrain\n|move|p1b: Torkoal|Eruption|p2b: Kingambit|[spread] p2a,p2b\n|-supereffective|p2b: Kingambit\n|-damage|p2a: Bronzong|0 fnt\n|-damage|p2b: Kingambit|0 fnt\n|faint|p2a: Bronzong\n|faint|p2b: Kingambit\n|\n|win|Piloufis\n|raw|Piloufis's rating: 1029 → 1062<\/strong> (+33 for winning)\n|raw|anboxing's rating: 1002 → 1000<\/strong> (-2 for losing)\n","uploadtime":1681743421,"views":83,"p1id":"piloufis","p2id":"anboxing","formatid":"gen9vgc2023regulationc","rating":1000,"private":0,"password":""}