{"id":"gen9vgc2023regulationc-1860829639","p1":"mx555","p2":"XL Twin Mattress","format":"[Gen 9] VGC 2023 Regulation C","log":"|j|\u2606mx555\n|j|\u2606XL Twin Mattress\n|t:|1683683008\n|gametype|doubles\n|player|p1|mx555|101|1355\n|player|p2|XL Twin Mattress|larry|1337\n|teamsize|p1|6\n|teamsize|p2|6\n|gen|9\n|tier|[Gen 9] VGC 2023 Regulation C\n|rated|\n|rule|Species Clause: Limit one of each Pok\u00e9mon\n|rule|Item Clause: Limit one of each item\n|clearpoke\n|poke|p1|Farigiraf, L50, F|\n|poke|p1|Iron Hands, L50|\n|poke|p1|Amoonguss, L50, M|\n|poke|p1|Iron Bundle, L50|\n|poke|p1|Chi-Yu, L50|\n|poke|p1|Flutter Mane, L50|\n|poke|p2|Annihilape, L50, M|\n|poke|p2|Iron Bundle, L50|\n|poke|p2|Chi-Yu, L50|\n|poke|p2|Gyarados, L50, M|\n|poke|p2|Garchomp, L50, F|\n|poke|p2|Corviknight, L50, F|\n|teampreview|4\n|inactive|Battle timer is ON: inactive players will automatically lose when time's up. (requested by mx555)\n|\n|t:|1683683079\n|start\n|switch|p1a: Farigiraf|Farigiraf, L50, F|100\/100\n|switch|p1b: Iron Hands|Iron Hands, L50|100\/100\n|switch|p2a: Corviknight|Corviknight, L50, F|100\/100\n|switch|p2b: Annihilape|Annihilape, L50, M|100\/100\n|turn|1\n|\n|t:|1683683095\n|move|p2b: Annihilape|Bulk Up|p2b: Annihilape\n|-boost|p2b: Annihilape|atk|1\n|-boost|p2b: Annihilape|def|1\n|move|p2a: Corviknight|Brave Bird|p1a: Farigiraf\n|-damage|p1a: Farigiraf|66\/100\n|-damage|p2a: Corviknight|87\/100|[from] Recoil\n|move|p1b: Iron Hands|Belly Drum|p1b: Iron Hands\n|-damage|p1b: Iron Hands|50\/100\n|-setboost|p1b: Iron Hands|atk|6|[from] move: Belly Drum\n|-enditem|p1b: Iron Hands|Sitrus Berry|[eat]\n|-heal|p1b: Iron Hands|75\/100|[from] item: Sitrus Berry\n|move|p1a: Farigiraf|Trick Room|p1a: Farigiraf\n|-fieldstart|move: Trick Room|[of] p1a: Farigiraf\n|\n|upkeep\n|turn|2\n|inactive|XL Twin Mattress has 30 seconds left.\n|inactive|XL Twin Mattress has 20 seconds left.\n|inactive|XL Twin Mattress has 15 seconds left.\n|\n|t:|1683683140\n|-terastallize|p2b: Annihilape|Poison\n|move|p1b: Iron Hands|Thunder Punch|p2b: Annihilape\n|-damage|p2b: Annihilape|0 fnt\n|faint|p2b: Annihilape\n|move|p1a: Farigiraf|Hyper Voice|p2a: Corviknight\n|-resisted|p2a: Corviknight\n|-damage|p2a: Corviknight|68\/100\n|move|p2a: Corviknight|Brave Bird|p1a: Farigiraf\n|-damage|p1a: Farigiraf|33\/100\n|-damage|p2a: Corviknight|54\/100|[from] Recoil\n|\n|upkeep\n|\n|t:|1683683146\n|switch|p2b: Garchomp|Garchomp, L50, F|100\/100\n|turn|3\n|inactive|mx555 has 30 seconds left.\n|\n|t:|1683683173\n|move|p1a: Farigiraf|Protect|p1a: Farigiraf\n|-singleturn|p1a: Farigiraf|Protect\n|move|p1b: Iron Hands|Drain Punch|p2b: Garchomp\n|-damage|p2b: Garchomp|0 fnt\n|-heal|p1b: Iron Hands|100\/100|[from] drain|[of] p2b: Garchomp\n|-damage|p1b: Iron Hands|88\/100|[from] ability: Rough Skin|[of] p2b: Garchomp\n|faint|p2b: Garchomp\n|move|p2a: Corviknight|Roost|p2a: Corviknight\n|-heal|p2a: Corviknight|100\/100\n|-singleturn|p2a: Corviknight|move: Roost\n|\n|upkeep\n|-message|XL Twin Mattress forfeited.\n|\n|win|mx555\n|raw|mx555's rating: 1355 → 1374<\/strong> (+19 for winning)\n|raw|XL Twin Mattress's rating: 1337 → 1318<\/strong> (-19 for losing)\n","uploadtime":1683683184,"views":10,"p1id":"mx555","p2id":"xltwinmattress","formatid":"gen9vgc2023regulationc","rating":1318,"private":0,"password":""}