{"id":"gen9vgc2023regulationc-1856943592","p1":"TwitchTVCMBZ","p2":"twanthaswan","format":"[Gen 9] VGC 2023 Regulation C","log":"|j|\u2606TwitchTVCMBZ\n|j|\u2606twanthaswan\n|t:|1683128644\n|gametype|doubles\n|player|p1|TwitchTVCMBZ|ghetsis|1170\n|player|p2|twanthaswan|dawn|1079\n|teamsize|p1|6\n|teamsize|p2|6\n|gen|9\n|tier|[Gen 9] VGC 2023 Regulation C\n|rated|\n|rule|Species Clause: Limit one of each Pok\u00e9mon\n|rule|Item Clause: Limit one of each item\n|clearpoke\n|poke|p1|Wo-Chien, L50|\n|poke|p1|Garganacl, L50, M|\n|poke|p1|Gyarados, L50, M|\n|poke|p1|Flutter Mane, L50|\n|poke|p1|Torkoal, L50, F|\n|poke|p1|Stonjourner, L50, F|\n|poke|p2|Iron Bundle, L50|\n|poke|p2|Ting-Lu, L50|\n|poke|p2|Roaring Moon, L50|\n|poke|p2|Amoonguss, L50, M|\n|poke|p2|Arcanine, L50, M|\n|poke|p2|Garganacl, L50, M|\n|teampreview|4\ntwanthaswan has agreed to open team sheets.\n|inactive|Battle timer is ON: inactive players will automatically lose when time's up. (requested by TwitchTVCMBZ)\n|inactive|twanthaswan has 60 seconds left.\n|inactive|twanthaswan has 30 seconds left.\n|inactive|twanthaswan has 20 seconds left.\n|inactive|twanthaswan has 15 seconds left.\n|inactive|twanthaswan has 10 seconds left.\n|inactive|twanthaswan has 5 seconds left.\n|\n|t:|1683128893\n|start\n|switch|p1a: Flutter Mane|Flutter Mane, L50|100\/100\n|switch|p1b: Torkoal|Torkoal, L50, F|100\/100\n|switch|p2a: Iron Bundle|Iron Bundle, L50|100\/100\n|switch|p2b: Ting-Lu|Ting-Lu, L50|100\/100\n|-ability|p2b: Ting-Lu|Vessel of Ruin\n|-weather|SunnyDay|[from] ability: Drought|[of] p1b: Torkoal\n|-activate|p1a: Flutter Mane|ability: Protosynthesis\n|-start|p1a: Flutter Mane|protosynthesisspa\n|turn|1\n|inactive|twanthaswan has 30 seconds left.\n|\n|t:|1683128928\n|switch|p1b: Stonjourner|Stonjourner, L50, F|100\/100\n|-terastallize|p1a: Flutter Mane|Fairy\n|move|p2a: Iron Bundle|Hydro Pump|p1b: Stonjourner\n|-supereffective|p1b: Stonjourner\n|-damage|p1b: Stonjourner|48\/100\n|move|p1a: Flutter Mane|Dazzling Gleam|p2b: Ting-Lu|[spread] p2a,p2b\n|-supereffective|p2b: Ting-Lu\n|-damage|p2a: Iron Bundle|0 fnt\n|-damage|p2b: Ting-Lu|0 fnt\n|faint|p2a: Iron Bundle\n|-end|p2a: Iron Bundle|Quark Drive|[silent]\n|faint|p2b: Ting-Lu\n|\n|-weather|SunnyDay|[upkeep]\n|upkeep\n|\n|t:|1683128942\n|switch|p2a: Amoonguss|Amoonguss, L50, M, shiny|100\/100\n|switch|p2b: Roaring Moon|Roaring Moon, L50|100\/100\n|-activate|p2b: Roaring Moon|ability: Protosynthesis\n|-start|p2b: Roaring Moon|protosynthesisatk\n|turn|2\n|inactive|twanthaswan has 30 seconds left.\n|inactive|TwitchTVCMBZ has 30 seconds left.\n|inactive|twanthaswan has 20 seconds left.\n|inactive|twanthaswan has 15 seconds left.\n|inactive|twanthaswan has 10 seconds left.\n|inactive|twanthaswan has 5 seconds left.\n|\n|t:|1683128997\n|move|p2a: Amoonguss|Rage Powder|p2a: Amoonguss\n|-singleturn|p2a: Amoonguss|move: Rage Powder\n|move|p1a: Flutter Mane|Dazzling Gleam|p2b: Roaring Moon|[spread] p2a,p2b\n|-resisted|p2a: Amoonguss\n|-supereffective|p2b: Roaring Moon\n|-damage|p2a: Amoonguss|46\/100\n|-damage|p2b: Roaring Moon|0 fnt\n|-enditem|p2a: Amoonguss|Sitrus Berry|[eat]\n|-heal|p2a: Amoonguss|71\/100|[from] item: Sitrus Berry\n|faint|p2b: Roaring Moon\n|-end|p2b: Roaring Moon|Protosynthesis|[silent]\n|move|p1b: Stonjourner|Body Press|p2a: Amoonguss\n|-resisted|p2a: Amoonguss\n|-damage|p2a: Amoonguss|60\/100\n|\n|-weather|SunnyDay|[upkeep]\n|upkeep\n|turn|3\n|c|\u2606twanthaswan|lol\n|inactive|twanthaswan has 30 seconds left.\n|inactive|twanthaswan has 20 seconds left.\n|inactive|twanthaswan has 15 seconds left.\n|c|\u2606twanthaswan|fluttermane makes this game suck asss\n|c|\u2606twanthaswan|gg\n|inactive|twanthaswan has 10 seconds left.\n|inactive|twanthaswan has 5 seconds left.\n|c|\u2606twanthaswan|i hueees\n|\n|t:|1683129052\n|move|p2a: Amoonguss|Rage Powder|p2a: Amoonguss\n|-singleturn|p2a: Amoonguss|move: Rage Powder\n|move|p1a: Flutter Mane|Dazzling Gleam|p2a: Amoonguss\n|-resisted|p2a: Amoonguss\n|-damage|p2a: Amoonguss|0 fnt\n|faint|p2a: Amoonguss\n|\n|win|TwitchTVCMBZ\n|raw|TwitchTVCMBZ's rating: 1170 → 1189<\/strong> (+19 for winning)\n|raw|twanthaswan's rating: 1079 → 1063<\/strong> (-16 for losing)\n|c|\u2606twanthaswan|enjoy the braindead w\n|c|\u2606twanthaswan|u super earned it\n","uploadtime":1683129043,"views":7,"p1id":"twitchtvcmbz","p2id":"twanthaswan","formatid":"gen9vgc2023regulationc","rating":1063,"private":0,"password":""}