{"id":"gen9vgc2023regulationc-1845825629","p1":"PearDaddy","p2":"yeardtle","format":"[Gen 9] VGC 2023 Regulation C","log":"|j|\u2606PearDaddy\n|j|\u2606yeardtle\n|t:|1681768466\n|gametype|doubles\n|player|p1|PearDaddy|penny|1151\n|player|p2|yeardtle|cynthia-gen4|1099\n|teamsize|p1|6\n|teamsize|p2|6\n|gen|9\n|tier|[Gen 9] VGC 2023 Regulation C\n|rated|\n|rule|Species Clause: Limit one of each Pok\u00e9mon\n|rule|Item Clause: Limit one of each item\n|clearpoke\n|poke|p1|Tyranitar, L50, M|\n|poke|p1|Glimmora, L50, M|\n|poke|p1|Garchomp, L50, M|\n|poke|p1|Corviknight, L50, M|\n|poke|p1|Arcanine, L50, F|\n|poke|p1|Sandy Shocks, L50|\n|poke|p2|Gholdengo, L50|\n|poke|p2|Iron Moth, L50|\n|poke|p2|Meowscarada, L50, M|\n|poke|p2|Palafin, L50, M|\n|poke|p2|Kilowattrel, L50, M|\n|poke|p2|Chien-Pao, L50|\n|teampreview|4\n|inactive|Battle timer is ON: inactive players will automatically lose when time's up. (requested by yeardtle)\n|inactive|yeardtle has 60 seconds left.\nPearDaddy rejected open team sheets.\n|\n|t:|1681768509\n|start\n|switch|p1a: Tyranitar|Tyranitar, L50, M|100\/100\n|switch|p1b: Glimmora|Glimmora, L50, M|100\/100\n|switch|p2a: Meowscarada|Meowscarada, L50, M|100\/100\n|switch|p2b: Chien-Pao|Chien-Pao, L50|100\/100\n|-ability|p2b: Chien-Pao|Sword of Ruin\n|-weather|Sandstorm|[from] ability: Sand Stream|[of] p1a: Tyranitar\n|turn|1\n|\n|t:|1681768528\n|-terastallize|p1a: Tyranitar|Flying\n|move|p2b: Chien-Pao|Ice Shard|p1a: Tyranitar\n|-supereffective|p1a: Tyranitar\n|-damage|p1a: Tyranitar|56\/100\n|move|p2a: Meowscarada|Flower Trick|p1b: Glimmora\n|-start|p2a: Meowscarada|typechange|Grass|[from] ability: Protean\n|-crit|p1b: Glimmora\n|-damage|p1b: Glimmora|28\/100\n|-activate|p1b: Glimmora|ability: Toxic Debris\n|-sidestart|p2: yeardtle|move: Toxic Spikes\n|move|p1b: Glimmora|Mortal Spin|p2b: Chien-Pao|[spread] p2a,p2b\n|-supereffective|p2a: Meowscarada\n|-damage|p2a: Meowscarada|82\/100\n|-damage|p2b: Chien-Pao|95\/100\n|-status|p2a: Meowscarada|psn\n|-status|p2b: Chien-Pao|psn\n|move|p1a: Tyranitar|Power Gem|p2b: Chien-Pao\n|-supereffective|p2b: Chien-Pao\n|-damage|p2b: Chien-Pao|0 fnt\n|faint|p2b: Chien-Pao\n|\n|-weather|Sandstorm|[upkeep]\n|-damage|p2a: Meowscarada|76\/100 psn|[from] Sandstorm\n|-damage|p1a: Tyranitar|50\/100|[from] Sandstorm\n|-heal|p2a: Meowscarada|82\/100 psn|[from] item: Leftovers\n|-damage|p2a: Meowscarada|70\/100 psn|[from] psn\n|upkeep\n|\n|t:|1681768545\n|switch|p2b: Palafin|Palafin, L50, M|100\/100\n|-status|p2b: Palafin|psn\n|turn|2\n|\n|t:|1681768570\n|move|p1b: Glimmora|Spiky Shield|p1b: Glimmora\n|-singleturn|p1b: Glimmora|move: Protect\n|move|p2b: Palafin|Jet Punch|p1b: Glimmora\n|-activate|p1b: Glimmora|move: Protect\n|-damage|p2b: Palafin|88\/100 psn|[from] Spiky Shield|[of] p1b: Glimmora\n|move|p2a: Meowscarada|Play Rough|p1a: Tyranitar\n|-damage|p1a: Tyranitar|27\/100\n|move|p1a: Tyranitar|Thunderbolt|p2b: Palafin\n|-supereffective|p2b: Palafin\n|-damage|p2b: Palafin|8\/100 psn\n|\n|-weather|Sandstorm|[upkeep]\n|-damage|p2a: Meowscarada|64\/100 psn|[from] Sandstorm\n|-damage|p2b: Palafin|3\/100 psn|[from] Sandstorm\n|-damage|p1a: Tyranitar|21\/100|[from] Sandstorm\n|-heal|p2a: Meowscarada|70\/100 psn|[from] item: Leftovers\n|-damage|p2a: Meowscarada|58\/100 psn|[from] psn\n|-damage|p2b: Palafin|0 fnt|[from] psn\n|faint|p2b: Palafin\n|upkeep\n|\n|t:|1681768578\n|switch|p2b: Iron Moth|Iron Moth, L50|100\/100\n|-sideend|p2: yeardtle|move: Toxic Spikes|[of] p2b: Iron Moth\n|-enditem|p2b: Iron Moth|Booster Energy\n|-activate|p2b: Iron Moth|ability: Quark Drive|[fromitem]\n|-start|p2b: Iron Moth|quarkdrivespa\n|turn|3\n|\n|t:|1681768602\n|switch|p1a: Garchomp|Garchomp, L50, M|100\/100\n|move|p2a: Meowscarada|Flower Trick|p1b: Glimmora\n|-crit|p1b: Glimmora\n|-damage|p1b: Glimmora|0 fnt\n|-activate|p1b: Glimmora|ability: Toxic Debris\n|-sidestart|p2: yeardtle|move: Toxic Spikes\n|faint|p1b: Glimmora\n|move|p2b: Iron Moth|Discharge|p1a: Garchomp|[spread] p2a\n|-immune|p1a: Garchomp\n|-resisted|p2a: Meowscarada\n|-damage|p2a: Meowscarada|34\/100 psn\n|\n|-weather|Sandstorm|[upkeep]\n|-damage|p2a: Meowscarada|28\/100 psn|[from] Sandstorm\n|-damage|p2b: Iron Moth|95\/100|[from] Sandstorm\n|-heal|p2a: Meowscarada|34\/100 psn|[from] item: Leftovers\n|-damage|p2a: Meowscarada|22\/100 psn|[from] psn\n|upkeep\n|\n|t:|1681768620\n|switch|p1b: Arcanine|Arcanine, L50, F|100\/100\n|-ability|p1b: Arcanine|Intimidate|boost\n|-unboost|p2a: Meowscarada|atk|1\n|-unboost|p2b: Iron Moth|atk|1\n|turn|4\n|\n|t:|1681768634\n|-terastallize|p2b: Iron Moth|Fire\n|move|p1b: Arcanine|Protect|p1b: Arcanine\n|-singleturn|p1b: Arcanine|Protect\n|move|p1a: Garchomp|Earthquake|p2a: Meowscarada|[spread] p2a,p2b\n|-activate|p1b: Arcanine|move: Protect\n|-resisted|p2a: Meowscarada\n|-supereffective|p2b: Iron Moth\n|-damage|p2a: Meowscarada|0 fnt\n|-damage|p2b: Iron Moth|0 fnt\n|faint|p2a: Meowscarada\n|faint|p2b: Iron Moth\n|-end|p2b: Iron Moth|Quark Drive|[silent]\n|\n|win|PearDaddy\n|raw|PearDaddy's rating: 1151 → 1172<\/strong> (+21 for winning)\n|raw|yeardtle's rating: 1099 → 1078<\/strong> (-21 for losing)\n|l|\u2606yeardtle\n","uploadtime":1681768647,"views":8,"p1id":"peardaddy","p2id":"yeardtle","formatid":"gen9vgc2023regulationc","rating":1078,"private":0,"password":""}