{"id":"gen9vgc2023regulationc-1847453509","p1":"edhead64","p2":"Miggle SoCal","format":"[Gen 9] VGC 2023 Regulation C","log":"|j|\u2606edhead64\n|j|\u2606Miggle SoCal\n|t:|1681956981\n|gametype|doubles\n|player|p1|edhead64|ethan|\n|player|p2|Miggle SoCal|169|\n|teamsize|p1|6\n|teamsize|p2|6\n|gen|9\n|tier|[Gen 9] VGC 2023 Regulation C\n|rule|Species Clause: Limit one of each Pok\u00e9mon\n|rule|Item Clause: Limit one of each item\n|clearpoke\n|poke|p1|Lycanroc, L50, F|\n|poke|p1|Tyranitar, L50, M|\n|poke|p1|Armarouge, L50, F|\n|poke|p1|Indeedee-F, L50, F|\n|poke|p1|Dondozo, L50, F|\n|poke|p1|Tatsugiri-Stretchy, L50, M|\n|poke|p2|Palafin, L50, M|\n|poke|p2|Chien-Pao, L50|\n|poke|p2|Dragapult, L50, F|\n|poke|p2|Amoonguss, L50, F|\n|poke|p2|Arcanine, L50, F|\n|poke|p2|Kingambit, L50, F|\n|teampreview|4\nedhead64 has agreed to open team sheets.\nMiggle SoCal has agreed to open team sheets.\n|\n|t:|1681957037\n|start\n|switch|p1a: Lycanroc|Lycanroc, L50, F|100\/100\n|switch|p1b: Indeedee|Indeedee-F, L50, F|100\/100\n|switch|p2a: Chien-Pao|Chien-Pao, L50|100\/100\n|switch|p2b: Palafin|Palafin, L50, M|100\/100\n|-ability|p2a: Chien-Pao|Sword of Ruin\n|-fieldstart|move: Psychic Terrain|[from] ability: Psychic Surge|[of] p1b: Indeedee\n|turn|1\n|\n|t:|1681957063\n|detailschange|p2b: Palafin|Palafin-Hero, L50, M\n|switch|p2b: Amoonguss|Amoonguss, L50, F|100\/100\n|switch|p1b: Tyranitar|Tyranitar, L50, M|100\/100\n|-weather|Sandstorm|[from] ability: Sand Stream|[of] p1b: Tyranitar\n|move|p1a: Lycanroc|Rock Slide|p2b: Amoonguss|[spread] p2a,p2b\n|-supereffective|p2a: Chien-Pao\n|-damage|p2a: Chien-Pao|12\/100\n|-damage|p2b: Amoonguss|64\/100\n|cant|p2a: Chien-Pao|flinch\n|\n|-weather|Sandstorm|[upkeep]\n|-damage|p2a: Chien-Pao|6\/100|[from] Sandstorm\n|-damage|p2b: Amoonguss|58\/100|[from] Sandstorm\n|upkeep\n|turn|2\n|\n|t:|1681957113\n|switch|p2a: Dragapult|Dragapult, L50, F|100\/100\n|-terastallize|p1b: Tyranitar|Flying\n|-terastallize|p2b: Amoonguss|Water\n|move|p1a: Lycanroc|Rock Slide|p2a: Dragapult|[spread] p2a,p2b\n|-damage|p2a: Dragapult|63\/100\n|-damage|p2b: Amoonguss|33\/100\n|-enditem|p2b: Amoonguss|Sitrus Berry|[eat]\n|-heal|p2b: Amoonguss|58\/100|[from] item: Sitrus Berry\n|move|p1b: Tyranitar|Tera Blast|p2b: Amoonguss\n|-damage|p2b: Amoonguss|5\/100\n|cant|p2b: Amoonguss|flinch\n|\n|-weather|Sandstorm|[upkeep]\n|-damage|p2a: Dragapult|57\/100|[from] Sandstorm\n|-damage|p1b: Tyranitar|94\/100|[from] Sandstorm\n|-damage|p2b: Amoonguss|0 fnt|[from] Sandstorm\n|faint|p2b: Amoonguss\n|upkeep\n|\n|t:|1681957133\n|switch|p2b: Palafin|Palafin-Hero, L50, M|100\/100\n|-activate|p2b: Palafin|ability: Zero to Hero\n|turn|3\n|\n|t:|1681957153\n|move|p1a: Lycanroc|Rock Slide|p2a: Dragapult|[spread] p2a,p2b\n|-damage|p2a: Dragapult|20\/100\n|-damage|p2b: Palafin|74\/100\n|cant|p2a: Dragapult|flinch\n|move|p2b: Palafin|Wave Crash|p1b: Tyranitar\n|-damage|p1b: Tyranitar|20\/100\n|-damage|p2b: Palafin|50\/100|[from] Recoil\n|move|p1b: Tyranitar|Tera Blast|p2b: Palafin\n|-damage|p2b: Palafin|0 fnt\n|faint|p2b: Palafin\n|\n|-weather|Sandstorm|[upkeep]\n|-damage|p2a: Dragapult|14\/100|[from] Sandstorm\n|-damage|p1b: Tyranitar|14\/100|[from] Sandstorm\n|upkeep\n|\n|t:|1681957166\n|switch|p2b: Chien-Pao|Chien-Pao, L50|6\/100\n|-ability|p2b: Chien-Pao|Sword of Ruin\n|turn|4\n|c|\u2606Miggle SoCal|gg wp\n|-message|Miggle SoCal forfeited.\n|\n|win|edhead64\n","uploadtime":1681957286,"views":12,"p1id":"edhead64","p2id":"migglesocal","formatid":"gen9vgc2023regulationc","rating":0,"private":0,"password":""}