{"id":"gen9vgc2023regulationc-1844927786","p1":"wakaba88","p2":"NoitUK_VGC","format":"[Gen 9] VGC 2023 Regulation C","log":"|j|\u2606wakaba88\n|j|\u2606NoitUK_VGC\n|t:|1681665022\n|gametype|doubles\n|player|p1|wakaba88|steven|1022\n|player|p2|NoitUK_VGC|1|1047\n|teamsize|p1|6\n|teamsize|p2|6\n|gen|9\n|tier|[Gen 9] VGC 2023 Regulation C\n|rated|\n|rule|Species Clause: Limit one of each Pok\u00e9mon\n|rule|Item Clause: Limit one of each item\n|clearpoke\n|poke|p1|Oricorio, L50, F|\n|poke|p1|Volcarona, L50, F|\n|poke|p1|Chi-Yu, L50|\n|poke|p1|Iron Bundle, L50|\n|poke|p1|Coalossal, L50, M|\n|poke|p1|Primeape, L50, M|\n|poke|p2|Ceruledge, L50, M|\n|poke|p2|Amoonguss, L50, M|\n|poke|p2|Great Tusk, L50|\n|poke|p2|Chien-Pao, L50|\n|poke|p2|Iron Bundle, L50|\n|poke|p2|Palafin, L50, M|\n|teampreview|4\n|inactive|Battle timer is ON: inactive players will automatically lose when time's up. (requested by wakaba88)\nNoitUK_VGC rejected open team sheets.\n|inactive|NoitUK_VGC has 60 seconds left.\n|\n|t:|1681665060\n|start\n|switch|p1a: Coalossal|Coalossal, L50, M|100\/100\n|switch|p1b: Iron Bundle|Iron Bundle, L50|100\/100\n|switch|p2a: Palafin|Palafin, L50, M|100\/100\n|switch|p2b: Chien-Pao|Chien-Pao, L50|100\/100\n|-ability|p2b: Chien-Pao|Sword of Ruin\n|-enditem|p1b: Iron Bundle|Booster Energy\n|-activate|p1b: Iron Bundle|ability: Quark Drive|[fromitem]\n|-start|p1b: Iron Bundle|quarkdrivespe\n|turn|1\n|inactive|wakaba88 has 30 seconds left.\n|inactive|NoitUK_VGC has 30 seconds left.\n|\n|t:|1681665094\n|move|p2a: Palafin|Protect|p2a: Palafin\n|-singleturn|p2a: Palafin|Protect\n|move|p2b: Chien-Pao|Sucker Punch|p1b: Iron Bundle\n|-damage|p1b: Iron Bundle|45\/100\n|move|p1b: Iron Bundle|Flip Turn|p1a: Coalossal\n|-supereffective|p1a: Coalossal\n|-damage|p1a: Coalossal|0 fnt\n|faint|p1a: Coalossal\n|-message|wakaba88 forfeited.\n|\n|win|NoitUK_VGC\n|raw|wakaba88's rating: 1022 → 1010<\/strong> (-12 for losing)\n|raw|NoitUK_VGC's rating: 1047 → 1078<\/strong> (+31 for winning)\n|l|\u2606wakaba88\n","uploadtime":1681665118,"views":13,"p1id":"wakaba88","p2id":"noitukvgc","formatid":"gen9vgc2023regulationc","rating":1010,"private":0,"password":""}