{"id":"gen9vgc2023regulationc-1861246012","p1":"jugadorfrustrado","p2":"ShatteredPugVGC","format":"[Gen 9] VGC 2023 Regulation C","log":"|j|\u2606jugadorfrustrado\n|j|\u2606ShatteredPugVGC\n|t:|1683739167\n|gametype|doubles\n|player|p1|jugadorfrustrado|unknown|1127\n|player|p2|ShatteredPugVGC|102|1211\n|teamsize|p1|6\n|teamsize|p2|6\n|gen|9\n|tier|[Gen 9] VGC 2023 Regulation C\n|rated|\n|rule|Species Clause: Limit one of each Pok\u00e9mon\n|rule|Item Clause: Limit one of each item\n|clearpoke\n|poke|p1|Chi-Yu, L50|\n|poke|p1|Palafin, L50, M|\n|poke|p1|Amoonguss, L50, M|\n|poke|p1|Arcanine, L50, M|\n|poke|p1|Flutter Mane, L50|\n|poke|p1|Murkrow, L50, M|\n|poke|p2|Iron Treads, L50|\n|poke|p2|Pincurchin, L50, M|\n|poke|p2|Dragonite, L50, M|\n|poke|p2|Iron Bundle, L50|\n|poke|p2|Abomasnow, L50, M|\n|poke|p2|Arcanine, L50, M|\n|teampreview|4\n|inactive|Battle timer is ON: inactive players will automatically lose when time's up. (requested by ShatteredPugVGC)\n|\n|t:|1683739240\n|start\n|switch|p1a: Chi-Yu|Chi-Yu, L50|100\/100\n|switch|p1b: Flutter Mane|Flutter Mane, L50|100\/100\n|switch|p2a: Pincurchin|Pincurchin, L50, M|100\/100\n|switch|p2b: Abomasnow|Abomasnow, L50, M|100\/100\n|-ability|p1a: Chi-Yu|Beads of Ruin\n|-weather|Snow|[from] ability: Snow Warning|[of] p2b: Abomasnow\n|-fieldstart|move: Electric Terrain|[from] ability: Electric Surge|[of] p2a: Pincurchin\n|turn|1\n|inactive|jugadorfrustrado has 30 seconds left.\n|\n|t:|1683739275\n|-terastallize|p2b: Abomasnow|Water\n|move|p1a: Chi-Yu|Heat Wave|p2a: Pincurchin|[spread] p2a,p2b\n|-resisted|p2b: Abomasnow\n|-damage|p2a: Pincurchin|21\/100\n|-damage|p2b: Abomasnow|72\/100\n|move|p1b: Flutter Mane|Moonblast|p2a: Pincurchin\n|-damage|p2a: Pincurchin|0 fnt\n|faint|p2a: Pincurchin\n|move|p2b: Abomasnow|Aurora Veil|p2b: Abomasnow\n|-sidestart|p2: ShatteredPugVGC|move: Aurora Veil\n|\n|-weather|Snow|[upkeep]\n|upkeep\n|\n|t:|1683739285\n|switch|p2a: Iron Bundle|Iron Bundle, L50|100\/100\n|-activate|p2a: Iron Bundle|ability: Quark Drive\n|-start|p2a: Iron Bundle|quarkdrivespa\n|turn|2\n|\n|t:|1683739310\n|switch|p1a: Arcanine|Arcanine, L50, M|100\/100\n|-ability|p1a: Arcanine|Intimidate|boost\n|-unboost|p2a: Iron Bundle|atk|1\n|-unboost|p2b: Abomasnow|atk|1\n|-end|p1b: Flutter Mane|Protosynthesis|[silent]\n|switch|p1b: Amoonguss|Amoonguss, L50, M|100\/100\n|move|p2b: Abomasnow|Helping Hand|p2a: Iron Bundle\n|-singleturn|p2a: Iron Bundle|Helping Hand|[of] p2b: Abomasnow\n|move|p2a: Iron Bundle|Blizzard|p1b: Amoonguss|[spread] p1a,p1b\n|-resisted|p1a: Arcanine\n|-supereffective|p1b: Amoonguss\n|-damage|p1a: Arcanine|27\/100\n|-damage|p1b: Amoonguss|0 fnt\n|faint|p1b: Amoonguss\n|\n|-weather|Snow|[upkeep]\n|upkeep\n|inactive|jugadorfrustrado has 30 seconds left.\n|\n|t:|1683739338\n|switch|p1b: Flutter Mane|Flutter Mane, L50|100\/100\n|turn|3\n|\n|t:|1683739358\n|move|p2b: Abomasnow|Helping Hand|p2a: Iron Bundle\n|-singleturn|p2a: Iron Bundle|Helping Hand|[of] p2b: Abomasnow\n|move|p1a: Arcanine|Extreme Speed|p2a: Iron Bundle\n|-damage|p2a: Iron Bundle|88\/100\n|move|p2a: Iron Bundle|Blizzard|p1b: Flutter Mane|[spread] p1a,p1b\n|-resisted|p1a: Arcanine\n|-damage|p1a: Arcanine|0 fnt\n|-damage|p1b: Flutter Mane|0 fnt\n|faint|p1a: Arcanine\n|faint|p1b: Flutter Mane\n|-end|p1b: Flutter Mane|Protosynthesis|[silent]\n|\n|-weather|Snow|[upkeep]\n|upkeep\n|-message|jugadorfrustrado forfeited.\n|\n|win|ShatteredPugVGC\n|raw|jugadorfrustrado's rating: 1127 → 1108<\/strong> (-19 for losing)\n|raw|ShatteredPugVGC's rating: 1211 → 1230<\/strong> (+19 for winning)\n|l|\u2606jugadorfrustrado\n","uploadtime":1683739375,"views":11,"p1id":"jugadorfrustrado","p2id":"shatteredpugvgc","formatid":"gen9vgc2023regulationc","rating":1108,"private":0,"password":""}