{"id":"gen9vgc2023regulationc-1850960611","p1":"tealpens1","p2":"alex123alex","format":"[Gen 9] VGC 2023 Regulation C","log":"|j|\u2606tealpens1\n|j|\u2606alex123alex\n|t:|1682387237\n|gametype|doubles\n|player|p1|tealpens1|2|1157\n|player|p2|alex123alex|101|1219\n|teamsize|p1|6\n|teamsize|p2|6\n|gen|9\n|tier|[Gen 9] VGC 2023 Regulation C\n|rated|\n|rule|Species Clause: Limit one of each Pok\u00e9mon\n|rule|Item Clause: Limit one of each item\n|clearpoke\n|poke|p1|Farigiraf, L50, M|\n|poke|p1|Iron Hands, L50|\n|poke|p1|Garchomp, L50, F|\n|poke|p1|Talonflame, L50, F|\n|poke|p1|Flutter Mane, L50|\n|poke|p1|Amoonguss, L50, F|\n|poke|p2|Oranguru, L50, F|\n|poke|p2|Ceruledge, L50, F|\n|poke|p2|Kingambit, L50, F|\n|poke|p2|Salamence, L50, F|\n|poke|p2|Torkoal, L50, M|\n|poke|p2|Great Tusk, L50|\n|teampreview|4\n|inactive|Battle timer is ON: inactive players will automatically lose when time's up. (requested by alex123alex)\n|inactive|tealpens1 has 60 seconds left.\n|inactive|alex123alex has 60 seconds left.\n|\n|t:|1682387288\n|start\n|switch|p1a: Garchomp|Garchomp, L50, F|100\/100\n|switch|p1b: Flutter Mane|Flutter Mane, L50|100\/100\n|switch|p2a: Oranguru|Oranguru, L50, F|100\/100\n|switch|p2b: Ceruledge|Ceruledge, L50, F|100\/100\n|turn|1\n|inactive|tealpens1 has 30 seconds left.\n|inactive|tealpens1 has 20 seconds left.\n|inactive|tealpens1 has 15 seconds left.\n|inactive|tealpens1 has 10 seconds left.\n|\n|t:|1682387334\n|-terastallize|p1b: Flutter Mane|Water\n|-terastallize|p2b: Ceruledge|Grass\n|move|p1b: Flutter Mane|Moonblast|p2a: Oranguru\n|-damage|p2a: Oranguru|48\/100\n|-unboost|p2a: Oranguru|spa|1\n|move|p1a: Garchomp|Dragon Claw|p2a: Oranguru\n|-crit|p2a: Oranguru\n|-damage|p2a: Oranguru|0 fnt\n|faint|p2a: Oranguru\n|move|p2b: Ceruledge|Bitter Blade|p1b: Flutter Mane\n|-resisted|p1b: Flutter Mane\n|-damage|p1b: Flutter Mane|55\/100\n|\n|upkeep\n|\n|t:|1682387349\n|switch|p2a: Kingambit|Kingambit, L50, F|100\/100\n|turn|2\n|inactive|tealpens1 has 30 seconds left.\n|\n|t:|1682387377\n|move|p2a: Kingambit|Sucker Punch|p1b: Flutter Mane\n|-damage|p1b: Flutter Mane|0 fnt\n|faint|p1b: Flutter Mane\n|-end|p1b: Flutter Mane|Protosynthesis|[silent]\n|move|p1a: Garchomp|Stomping Tantrum|p2a: Kingambit\n|-supereffective|p2a: Kingambit\n|-damage|p2a: Kingambit|47\/100\n|move|p2b: Ceruledge|Bitter Blade|p1a: Garchomp\n|-resisted|p1a: Garchomp\n|-damage|p1a: Garchomp|77\/100\n|-damage|p2b: Ceruledge|88\/100|[from] ability: Rough Skin|[of] p1a: Garchomp\n|\n|upkeep\n|\n|t:|1682387396\n|switch|p1b: Iron Hands|Iron Hands, L50|100\/100\n|turn|3\n|-message|alex123alex forfeited.\n|\n|win|tealpens1\n|raw|tealpens1's rating: 1157 → 1186<\/strong> (+29 for winning)\n|raw|alex123alex's rating: 1219 → 1190<\/strong> (-29 for losing)\n|l|\u2606alex123alex\n","uploadtime":1682387415,"views":11,"p1id":"tealpens1","p2id":"alex123alex","formatid":"gen9vgc2023regulationc","rating":1186,"private":0,"password":""}