{"id":"gen9vgc2023regulationc-1847511240","p1":"MYMOUSE","p2":"PiniTera","format":"[Gen 9] VGC 2023 Regulation C","log":"|j|\u2606MYMOUSE\n|j|\u2606PiniTera\n|t:|1681964953\n|gametype|doubles\n|player|p1|MYMOUSE|265|1000\n|player|p2|PiniTera|cheren-gen5bw2|1093\n|teamsize|p1|6\n|teamsize|p2|6\n|gen|9\n|tier|[Gen 9] VGC 2023 Regulation C\n|rated|\n|rule|Species Clause: Limit one of each Pok\u00e9mon\n|rule|Item Clause: Limit one of each item\n|clearpoke\n|poke|p1|Krookodile, L50, M|\n|poke|p1|Flamigo, L50, M|\n|poke|p1|Sableye, L50, F|\n|poke|p1|Meowscarada, L50, M|\n|poke|p1|Indeedee-F, L50, F|\n|poke|p1|Hatterene, L50, F|\n|poke|p2|Coalossal, L50, F|\n|poke|p2|Dragapult, L50, M|\n|poke|p2|Tauros-Paldea-Aqua, L50, M|\n|poke|p2|Flutter Mane, L50|\n|poke|p2|Kingambit, L50, F|\n|poke|p2|Chi-Yu, L50|\n|teampreview|4\n|inactive|Battle timer is ON: inactive players will automatically lose when time's up. (requested by MYMOUSE)\n|inactive|PiniTera has 60 seconds left.\n|inactive|PiniTera has 30 seconds left.\n|inactive|PiniTera has 20 seconds left.\n|inactive|PiniTera has 15 seconds left.\n|\n|t:|1681965029\n|start\n|switch|p1a: Krookodile|Krookodile, L50, M, shiny|100\/100\n|switch|p1b: Meowscarada|Meowscarada, L50, M, shiny|100\/100\n|switch|p2a: Flutter Mane|Flutter Mane, L50|100\/100\n|switch|p2b: Chi-Yu|Chi-Yu, L50|100\/100\n|-ability|p2b: Chi-Yu|Beads of Ruin\n|-enditem|p2a: Flutter Mane|Booster Energy\n|-activate|p2a: Flutter Mane|ability: Protosynthesis|[fromitem]\n|-start|p2a: Flutter Mane|protosynthesisspe\n|turn|1\n|inactive|MYMOUSE has 30 seconds left.\n|\n|t:|1681965055\n|move|p2a: Flutter Mane|Substitute|p2a: Flutter Mane\n|-start|p2a: Flutter Mane|Substitute\n|-damage|p2a: Flutter Mane|76\/100\n|move|p1b: Meowscarada|Flower Trick|p1a: Krookodile\n|-supereffective|p1a: Krookodile\n|-crit|p1a: Krookodile\n|-damage|p1a: Krookodile|0 fnt\n|faint|p1a: Krookodile\n|move|p2b: Chi-Yu|Heat Wave|p1b: Meowscarada\n|-supereffective|p1b: Meowscarada\n|-damage|p1b: Meowscarada|0 fnt\n|faint|p1b: Meowscarada\n|\n|upkeep\n|-message|MYMOUSE forfeited.\n|\n|win|PiniTera\n|raw|MYMOUSE's rating: 1000 → 1000<\/strong> (+0 for losing)\n|raw|PiniTera's rating: 1093 → 1112<\/strong> (+19 for winning)\n|l|\u2606MYMOUSE\n","uploadtime":1681965071,"views":8,"p1id":"mymouse","p2id":"pinitera","formatid":"gen9vgc2023regulationc","rating":1000,"private":0,"password":""}