{"id":"gen9vgc2023regulationc-1858792665","p1":"blueberrytheeevee","p2":"kyojinluca","format":"[Gen 9] VGC 2023 Regulation C","log":"|j|\u2606blueberrytheeevee\n|j|\u2606kyojinluca\n|t:|1683362217\n|gametype|doubles\n|player|p1|blueberrytheeevee|juan|1064\n|player|p2|kyojinluca|cheren-gen5bw2|1000\n|teamsize|p1|6\n|teamsize|p2|6\n|gen|9\n|tier|[Gen 9] VGC 2023 Regulation C\n|rated|\n|rule|Species Clause: Limit one of each Pok\u00e9mon\n|rule|Item Clause: Limit one of each item\n|clearpoke\n|poke|p1|Tinkaton, L50, F|\n|poke|p1|Baxcalibur, L50, M|\n|poke|p1|Kingambit, L50, M|\n|poke|p1|Brute Bonnet, L50|\n|poke|p1|Ceruledge, L50, M|\n|poke|p1|Palafin, L50, M|\n|poke|p2|Lilligant, L50, F|\n|poke|p2|Torkoal, L50, F|\n|poke|p2|Flutter Mane, L50|\n|poke|p2|Kingambit, L50, F|\n|poke|p2|Dragonite, L50, F|\n|poke|p2|Great Tusk, L50|\n|teampreview|4\n|\n|t:|1683362249\n|start\n|switch|p1a: Tinkaton|Tinkaton, L50, F, shiny|100\/100\n|switch|p1b: Brute Bonnet|Brute Bonnet, L50|100\/100\n|switch|p2a: TT|Lilligant, L50, F, shiny|100\/100\n|switch|p2b: FANCY|Flutter Mane, L50, shiny|100\/100\n|-ability|p1a: Tinkaton|Mold Breaker\n|-enditem|p1b: Brute Bonnet|Booster Energy\n|-activate|p1b: Brute Bonnet|ability: Protosynthesis|[fromitem]\n|-start|p1b: Brute Bonnet|protosynthesisatk\n|turn|1\n|\n|t:|1683362268\n|move|p2a: TT|Protect|p2a: TT\n|-singleturn|p2a: TT|Protect\n|move|p1a: Tinkaton|Fake Out|p2a: TT\n|-activate|p2a: TT|move: Protect\n|move|p2b: FANCY|Moonblast|p1b: Brute Bonnet\n|-supereffective|p1b: Brute Bonnet\n|-damage|p1b: Brute Bonnet|0 fnt\n|faint|p1b: Brute Bonnet\n|-end|p1b: Brute Bonnet|Protosynthesis|[silent]\n|\n|upkeep\n|\n|t:|1683362277\n|switch|p1b: Ceruledge|Ceruledge, L50, M|100\/100\n|turn|2\n|\n|t:|1683362300\n|-end|p2b: FANCY|Protosynthesis|[silent]\n|switch|p2b: Breakthrough|Torkoal, L50, F, shiny|100\/100\n|-weather|SunnyDay|[from] ability: Drought|[of] p2b: Breakthrough\n|move|p2a: TT|Sleep Powder|p1b: Ceruledge\n|-status|p1b: Ceruledge|slp|[from] move: Sleep Powder\n|cant|p1b: Ceruledge|slp\n|move|p1a: Tinkaton|Gigaton Hammer|p2b: Breakthrough\n|-resisted|p2b: Breakthrough\n|-damage|p2b: Breakthrough|84\/100\n|\n|-weather|SunnyDay|[upkeep]\n|upkeep\n|turn|3\n|-message|blueberrytheeevee forfeited.\n|\n|win|kyojinluca\n|raw|blueberrytheeevee's rating: 1064 → 1041<\/strong> (-23 for losing)\n|raw|kyojinluca's rating: 1000 → 1047<\/strong> (+47 for winning)\n|l|\u2606blueberrytheeevee\n|c|\u2606kyojinluca|gg\n","uploadtime":1683362346,"views":15,"p1id":"blueberrytheeevee","p2id":"kyojinluca","formatid":"gen9vgc2023regulationc","rating":1041,"private":0,"password":""}