{"id":"gen9vgc2023regulationc-1846574433","p1":"TapedCrusader","p2":"brandorando","format":"[Gen 9] VGC 2023 Regulation C","log":"|j|\u2606TapedCrusader\n|j|\u2606brandorando\n|t:|1681853160\n|gametype|doubles\n|player|p1|TapedCrusader|102|1265\n|player|p2|brandorando|crasherwake|1181\n|teamsize|p1|6\n|teamsize|p2|6\n|gen|9\n|tier|[Gen 9] VGC 2023 Regulation C\n|rated|\n|rule|Species Clause: Limit one of each Pok\u00e9mon\n|rule|Item Clause: Limit one of each item\n|clearpoke\n|poke|p1|Tyranitar, L50, F|\n|poke|p1|Lycanroc, L50, M|\n|poke|p1|Ting-Lu, L50|\n|poke|p1|Palafin, L50, F|\n|poke|p1|Amoonguss, L50, F|\n|poke|p1|Ceruledge, L50, M|\n|poke|p2|Baxcalibur, L50, F|\n|poke|p2|Talonflame, L50, F|\n|poke|p2|Great Tusk, L50|\n|poke|p2|Ting-Lu, L50|\n|poke|p2|Flutter Mane, L50|\n|poke|p2|Amoonguss, L50, F|\n|teampreview|4\n|inactive|Battle timer is ON: inactive players will automatically lose when time's up. (requested by TapedCrusader)\n|\n|t:|1681853192\n|start\n|switch|p1a: Lycanroc|Lycanroc, L50, M|100\/100\n|switch|p1b: Palafin|Palafin, L50, F|100\/100\n|switch|p2a: Great Tusk|Great Tusk, L50|100\/100\n|switch|p2b: Talonflame|Talonflame, L50, F|100\/100\n|turn|1\n|inactive|TapedCrusader has 30 seconds left.\n|inactive|brandorando has 30 seconds left.\n|inactive|TapedCrusader has 20 seconds left.\n|\n|t:|1681853230\n|move|p1a: Lycanroc|Accelerock|p2b: Talonflame\n|-supereffective|p2b: Talonflame\n|-damage|p2b: Talonflame|0 fnt\n|faint|p2b: Talonflame\n|move|p1b: Palafin|Jet Punch|p2a: Great Tusk\n|-supereffective|p2a: Great Tusk\n|-damage|p2a: Great Tusk|66\/100\n|move|p2a: Great Tusk|Earthquake|p1a: Lycanroc|[spread] p1a,p1b\n|-supereffective|p1a: Lycanroc\n|-enditem|p1a: Lycanroc|Focus Sash\n|-damage|p1a: Lycanroc|1\/100\n|-damage|p1b: Palafin|48\/100\n|\n|upkeep\n|\n|t:|1681853244\n|switch|p2b: Flutter Mane|Flutter Mane, L50|100\/100\n|turn|2\n|\n|t:|1681853257\n|detailschange|p1b: Palafin|Palafin-Hero, L50, F\n|switch|p1b: Tyranitar|Tyranitar, L50, F|100\/100\n|-weather|Sandstorm|[from] ability: Sand Stream|[of] p1b: Tyranitar\n|-terastallize|p2b: Flutter Mane|Fairy\n|move|p2a: Great Tusk|Protect|p2a: Great Tusk\n|-singleturn|p2a: Great Tusk|Protect\n|move|p1a: Lycanroc|Accelerock|p2b: Flutter Mane\n|-damage|p2b: Flutter Mane|58\/100\n|move|p2b: Flutter Mane|Dazzling Gleam|p1b: Tyranitar|[spread] p1a,p1b\n|-supereffective|p1b: Tyranitar\n|-damage|p1a: Lycanroc|0 fnt\n|-damage|p1b: Tyranitar|48\/100\n|faint|p1a: Lycanroc\n|\n|-weather|Sandstorm|[upkeep]\n|-damage|p2b: Flutter Mane|52\/100|[from] Sandstorm\n|upkeep\n|\n|t:|1681853278\n|switch|p1a: Ceruledge|Ceruledge, L50, M|100\/100\n|turn|3\n|\n|t:|1681853288\n|-end|p2b: Flutter Mane|Protosynthesis|[silent]\n|switch|p2b: Amoonguss|Amoonguss, L50, F|100\/100\n|-terastallize|p1a: Ceruledge|Grass\n|move|p2a: Great Tusk|Headlong Rush|p1a: Ceruledge\n|-resisted|p1a: Ceruledge\n|-damage|p1a: Ceruledge|74\/100\n|-unboost|p2a: Great Tusk|def|1\n|-unboost|p2a: Great Tusk|spd|1\n|move|p1a: Ceruledge|Swords Dance|p1a: Ceruledge\n|-boost|p1a: Ceruledge|atk|2\n|move|p1b: Tyranitar|Rock Slide|p2a: Great Tusk|[spread] p2a,p2b\n|-resisted|p2a: Great Tusk\n|-damage|p2a: Great Tusk|57\/100\n|-damage|p2b: Amoonguss|72\/100\n|\n|-weather|Sandstorm|[upkeep]\n|-damage|p1a: Ceruledge|68\/100|[from] Sandstorm\n|-damage|p2b: Amoonguss|66\/100|[from] Sandstorm\n|upkeep\n|turn|4\n|inactive|TapedCrusader has 30 seconds left.\n|\n|t:|1681853317\n|-end|p2a: Great Tusk|Protosynthesis|[silent]\n|switch|p2a: Flutter Mane|Flutter Mane, L50, tera:Fairy|52\/100\n|move|p1a: Ceruledge|Bitter Blade|p2b: Amoonguss\n|-supereffective|p2b: Amoonguss\n|-damage|p2b: Amoonguss|0 fnt\n|-heal|p1a: Ceruledge|100\/100|[from] drain|[of] p2b: Amoonguss\n|faint|p2b: Amoonguss\n|move|p1b: Tyranitar|Rock Slide|p2a: Flutter Mane\n|-damage|p2a: Flutter Mane|0 fnt\n|faint|p2a: Flutter Mane\n|-end|p2a: Flutter Mane|Protosynthesis|[silent]\n|\n|-weather|Sandstorm|[upkeep]\n|-damage|p1a: Ceruledge|94\/100|[from] Sandstorm\n|upkeep\n|-message|brandorando forfeited.\n|\n|win|TapedCrusader\n|raw|TapedCrusader's rating: 1265 → 1284<\/strong> (+19 for winning)\n|raw|brandorando's rating: 1181 → 1162<\/strong> (-19 for losing)\n|c|\u2606TapedCrusader|Gg\n|l|\u2606brandorando\n","uploadtime":1681853354,"views":10,"p1id":"tapedcrusader","p2id":"brandorando","formatid":"gen9vgc2023regulationc","rating":1162,"private":0,"password":""}