{"id":"gen9vgc2023regulationc-1862263313","p1":"Nightmare_King_VGC","p2":"Jamie4563","format":"[Gen 9] VGC 2023 Regulation C","log":"|j|\u2606Nightmare_King_VGC\n|j|\u2606Jamie4563\n|t:|1683856775\n|gametype|doubles\n|player|p1|Nightmare_King_VGC|veteranf|1717\n|player|p2|Jamie4563|supernerd|1600\n|teamsize|p1|6\n|teamsize|p2|6\n|gen|9\n|tier|[Gen 9] VGC 2023 Regulation C\n|rated|\n|rule|Species Clause: Limit one of each Pok\u00e9mon\n|rule|Item Clause: Limit one of each item\n|clearpoke\n|poke|p1|Torkoal, L50, M|\n|poke|p1|Great Tusk, L50|\n|poke|p1|Flutter Mane, L50|\n|poke|p1|Jumpluff, L50, M|\n|poke|p1|Chien-Pao, L50|\n|poke|p1|Kingambit, L50, M|\n|poke|p2|Chien-Pao, L50|\n|poke|p2|Roaring Moon, L50|\n|poke|p2|Flutter Mane, L50|\n|poke|p2|Amoonguss, L50, F|\n|poke|p2|Arcanine, L50, F|\n|poke|p2|Azumarill, L50, F|\n|teampreview|4\nJamie4563 has agreed to open team sheets.\n|inactive|Battle timer is ON: inactive players will automatically lose when time's up. (requested by Jamie4563)\n|\n|t:|1683856801\n|start\n|switch|p1a: Kingambit|Kingambit, L50, M|100\/100\n|switch|p1b: Chien-Pao|Chien-Pao, L50|100\/100\n|switch|p2a: The Rank Master|Chien-Pao, L50|100\/100\n|switch|p2b: Azumarill|Azumarill, L50, F|100\/100\n|-ability|p1b: Chien-Pao|Sword of Ruin\n|-ability|p2a: The Rank Master|Sword of Ruin\n|turn|1\n|j| egfhgnrah\n|j| Rocky44\n|inactive|Nightmare_King_VGC has 30 seconds left.\n|inactive|Jamie4563 has 30 seconds left.\n|j| ZowwyCafe\u266a\n|\n|t:|1683856830\n|switch|p1b: Great Tusk|Great Tusk, L50|100\/100\n|move|p2a: The Rank Master|Protect|p2a: The Rank Master\n|-singleturn|p2a: The Rank Master|Protect\n|move|p2b: Azumarill|Play Rough|p1b: Great Tusk\n|-supereffective|p1b: Great Tusk\n|-damage|p1b: Great Tusk|0 fnt\n|faint|p1b: Great Tusk\n|-end|p1b: Great Tusk|Protosynthesis|[silent]\n|move|p1a: Kingambit|Iron Head|p2a: The Rank Master\n|-activate|p2a: The Rank Master|move: Protect\n|\n|upkeep\n|j| Gopii\n|\n|t:|1683856840\n|switch|p1b: Flutter Mane|Flutter Mane, L50|100\/100\n|turn|2\n|\n|t:|1683856853\n|-terastallize|p1b: Flutter Mane|Fairy\n|move|p2a: The Rank Master|Sucker Punch|p1b: Flutter Mane\n|-resisted|p1b: Flutter Mane\n|-damage|p1b: Flutter Mane|55\/100\n|move|p2b: Azumarill|Aqua Jet|p1b: Flutter Mane\n|-damage|p1b: Flutter Mane|0 fnt\n|faint|p1b: Flutter Mane\n|-end|p1b: Flutter Mane|Protosynthesis|[silent]\n|move|p1a: Kingambit|Iron Head|p2a: The Rank Master\n|-supereffective|p2a: The Rank Master\n|-enditem|p2a: The Rank Master|Focus Sash\n|-damage|p2a: The Rank Master|1\/100\n|\n|upkeep\n|\n|t:|1683856862\n|switch|p1b: Chien-Pao|Chien-Pao, L50|100\/100\n|-ability|p1b: Chien-Pao|Sword of Ruin\n|turn|3\n|\n|t:|1683856881\n|move|p1b: Chien-Pao|Protect|p1b: Chien-Pao\n|-singleturn|p1b: Chien-Pao|Protect\n|move|p2a: The Rank Master|Sacred Sword|p1a: Kingambit\n|-supereffective|p1a: Kingambit\n|-damage|p1a: Kingambit|0 fnt\n|faint|p1a: Kingambit\n|move|p2b: Azumarill|Play Rough|p1b: Chien-Pao\n|-activate|p1b: Chien-Pao|move: Protect\n|\n|upkeep\n|turn|4\n|-message|Nightmare_King_VGC forfeited.\n|\n|win|Jamie4563\n|raw|Nightmare_King_VGC's rating: 1717 → 1691<\/strong> (-26 for losing)\n|raw|Jamie4563's rating: 1600 → 1626<\/strong> (+26 for winning)\n|l|\u2606Nightmare_King_VGC\n|l| ZowwyCafe\u266a\n|l| egfhgnrah\n|l|\u2606Jamie4563\n|l| Rocky44\n","uploadtime":1683857294,"views":7,"p1id":"nightmarekingvgc","p2id":"jamie4563","formatid":"gen9vgc2023regulationc","rating":1626,"private":0,"password":""}