{"id":"gen9vgc2023regulationc-1861051570","p1":"depressionstuff","p2":"Flipsicle","format":"[Gen 9] VGC 2023 Regulation C","log":"|j|\u2606depressionstuff\n|j|\u2606Flipsicle\n|t:|1683721087\n|gametype|doubles\n|player|p1|depressionstuff|morty-gen2|\n|player|p2|Flipsicle|elesa-masters|\n|teamsize|p1|6\n|teamsize|p2|6\n|gen|9\n|tier|[Gen 9] VGC 2023 Regulation C\n|rated|Tournament battle\n|rule|Species Clause: Limit one of each Pok\u00e9mon\n|rule|Item Clause: Limit one of each item\n|clearpoke\n|poke|p1|Iron Bundle, L50|\n|poke|p1|Azumarill, L50, F|\n|poke|p1|Chi-Yu, L50|\n|poke|p1|Flutter Mane, L50|\n|poke|p1|Great Tusk, L50|\n|poke|p1|Brute Bonnet, L50|\n|poke|p2|Chi-Yu, L50|\n|poke|p2|Flutter Mane, L50|\n|poke|p2|Dragonite, L50, M|\n|poke|p2|Chien-Pao, L50|\n|poke|p2|Iron Bundle, L50|\n|poke|p2|Iron Hands, L50|\n|teampreview|4\n|raw| Open Team Sheet for depressionstuff<\/summary>Iron Bundle @ Booster Energy Ability: Quark Drive Level: 50 Tera Type: Steel - Hydro Pump - Freeze-Dry - Icy Wind - Protect Azumarill @ Assault Vest Ability: Huge Power Level: 50 Tera Type: Fire - Liquidation - Aqua Jet - Play Rough - Ice Spinner Chi-Yu @ Safety Goggles Ability: Beads of Ruin Level: 50 Tera Type: Ghost - Heat Wave - Dark Pulse - Will-O-Wisp - Protect Flutter Mane @ Choice Specs Ability: Protosynthesis Level: 50 Tera Type: Fairy - Moonblast - Dazzling Gleam - Shadow Ball - Thunderbolt Great Tusk @ Focus Sash Ability: Protosynthesis Level: 50 Hidden Power: Fighting Tera Type: Ground - Headlong Rush - Close Combat - Rock Slide - Protect Brute Bonnet @ Loaded Dice Ability: Protosynthesis Level: 50 Tera Type: Water - Bullet Seed - Sucker Punch - Clear Smog - Spore <\/details><\/div> Open Team Sheet for Flipsicle<\/summary>Chi-Yu @ Choice Scarf Ability: Beads of Ruin Level: 50 Tera Type: Ghost - Heat Wave - Dark Pulse - Overheat - Snarl Flutter Mane @ Choice Specs Ability: Protosynthesis Level: 50 Tera Type: Fairy - Shadow Ball - Dazzling Gleam - Moonblast - Thunderbolt Dragonite @ Lum Berry Ability: Multiscale Level: 50 Tera Type: Normal - Protect - Low Kick - Extreme Speed - Stomping Tantrum Chien-Pao @ Focus Sash Ability: Sword of Ruin Level: 50 Tera Type: Dark - Protect - Ice Spinner - Sacred Sword - Sucker Punch Iron Bundle @ Booster Energy Ability: Quark Drive Level: 50 Tera Type: Ghost - Protect - Icy Wind - Freeze-Dry - Hydro Pump Iron Hands @ Assault Vest Ability: Quark Drive Level: 50 Tera Type: Electric - Close Combat - Wild Charge - Fake Out - Volt Switch <\/details><\/div>\n|inactive|Battle timer is ON: inactive players will automatically lose when time's up. (requested by Flipsicle)\n|c|\u2606Flipsicle|glhf]\n|c|\u2606depressionstuff|glhf\n|j| Cowboydryclean\n|inactive|depressionstuff has 60 seconds left.\n|inactive|depressionstuff has 30 seconds left.\n|inactive|depressionstuff has 20 seconds left.\n|\n|t:|1683721160\n|start\n|switch|p1a: Iron Bundle|Iron Bundle, L50|100\/100\n|switch|p1b: Great Tusk|Great Tusk, L50|100\/100\n|switch|p2a: Iron Bundle|Iron Bundle, L50|100\/100\n|switch|p2b: Chi-Yu|Chi-Yu, L50|100\/100\n|-ability|p2b: Chi-Yu|Beads of Ruin\n|-enditem|p1a: Iron Bundle|Booster Energy\n|-activate|p1a: Iron Bundle|ability: Quark Drive|[fromitem]\n|-start|p1a: Iron Bundle|quarkdrivespe\n|-enditem|p2a: Iron Bundle|Booster Energy\n|-activate|p2a: Iron Bundle|ability: Quark Drive|[fromitem]\n|-start|p2a: Iron Bundle|quarkdrivespe\n|turn|1\n|\n|t:|1683721172\n|move|p1b: Great Tusk|Protect|p1b: Great Tusk\n|-singleturn|p1b: Great Tusk|Protect\n|move|p1a: Iron Bundle|Icy Wind|p2a: Iron Bundle|[spread] p2a,p2b\n|-resisted|p2a: Iron Bundle\n|-resisted|p2b: Chi-Yu\n|-damage|p2a: Iron Bundle|88\/100\n|-damage|p2b: Chi-Yu|90\/100\n|-unboost|p2a: Iron Bundle|spe|1\n|-unboost|p2b: Chi-Yu|spe|1\n|move|p2a: Iron Bundle|Icy Wind|p1a: Iron Bundle|[spread] p1a\n|-activate|p1b: Great Tusk|move: Protect\n|-resisted|p1a: Iron Bundle\n|-damage|p1a: Iron Bundle|88\/100\n|-unboost|p1a: Iron Bundle|spe|1\n|move|p2b: Chi-Yu|Heat Wave|p1b: Great Tusk|[spread] p1a\n|-activate|p1b: Great Tusk|move: Protect\n|-damage|p1a: Iron Bundle|0 fnt\n|faint|p1a: Iron Bundle\n|-end|p1a: Iron Bundle|Quark Drive|[silent]\n|\n|upkeep\n|inactive|depressionstuff has 30 seconds left.\n|\n|t:|1683721202\n|switch|p1a: Flutter Mane|Flutter Mane, L50|100\/100\n|turn|2\n|inactive|Flipsicle has 30 seconds left.\n|inactive|Flipsicle has 20 seconds left.\n|inactive|Flipsicle has 15 seconds left.\n|inactive|Flipsicle has 10 seconds left.\n|\n|t:|1683721248\n|-end|p2a: Iron Bundle|Quark Drive|[silent]\n|switch|p2a: Iron Hands|Iron Hands, L50|100\/100\n|-terastallize|p1a: Flutter Mane|Fairy\n|move|p1a: Flutter Mane|Dazzling Gleam|p2b: Chi-Yu|[spread] p2a,p2b\n|-supereffective|p2a: Iron Hands\n|-damage|p2a: Iron Hands|8\/100\n|-damage|p2b: Chi-Yu|22\/100\n|move|p1b: Great Tusk|Headlong Rush|p2b: Chi-Yu\n|-supereffective|p2b: Chi-Yu\n|-damage|p2b: Chi-Yu|0 fnt\n|-unboost|p1b: Great Tusk|def|1\n|-unboost|p1b: Great Tusk|spd|1\n|faint|p2b: Chi-Yu\n|\n|upkeep\n|\n|t:|1683721269\n|switch|p2b: Iron Bundle|Iron Bundle, L50|88\/100\n|turn|3\n|inactive|Flipsicle has 30 seconds left.\n|inactive|Flipsicle has 20 seconds left.\n|inactive|Flipsicle has 15 seconds left.\n|\n|t:|1683721312\n|-terastallize|p2b: Iron Bundle|Ghost\n|move|p2a: Iron Hands|Fake Out|p1a: Flutter Mane\n|-damage|p1a: Flutter Mane|80\/100\n|move|p2b: Iron Bundle|Icy Wind|p1a: Flutter Mane|[spread] p1a\n|-miss|p2b: Iron Bundle|p1b: Great Tusk\n|-damage|p1a: Flutter Mane|62\/100\n|-unboost|p1a: Flutter Mane|spe|1\n|move|p1b: Great Tusk|Headlong Rush|p2b: Iron Bundle\n|-damage|p2b: Iron Bundle|6\/100\n|-unboost|p1b: Great Tusk|def|1\n|-unboost|p1b: Great Tusk|spd|1\n|cant|p1a: Flutter Mane|flinch\n|\n|upkeep\n|turn|4\n|\n|t:|1683721335\n|move|p2b: Iron Bundle|Protect|p2b: Iron Bundle\n|-singleturn|p2b: Iron Bundle|Protect\n|move|p1b: Great Tusk|Protect|p1b: Great Tusk\n|-singleturn|p1b: Great Tusk|Protect\n|move|p1a: Flutter Mane|Dazzling Gleam|p2b: Iron Bundle|[spread] p2a\n|-activate|p2b: Iron Bundle|move: Protect\n|-supereffective|p2a: Iron Hands\n|-damage|p2a: Iron Hands|0 fnt\n|faint|p2a: Iron Hands\n|-end|p2a: Iron Hands|Quark Drive|[silent]\n|\n|upkeep\n|\n|t:|1683721340\n|switch|p2a: Chien-Pao|Chien-Pao, L50|100\/100\n|-ability|p2a: Chien-Pao|Sword of Ruin\n|turn|5\n|j| Helsinki_Play\n|inactive|Flipsicle has 30 seconds left.\n|l| Helsinki_Play\n|inactive|Flipsicle has 20 seconds left.\n|\n|t:|1683721376\n|move|p2b: Iron Bundle|Protect||[still]\n|-fail|p2b: Iron Bundle\n|move|p2a: Chien-Pao|Ice Spinner|p1a: Flutter Mane\n|-damage|p1a: Flutter Mane|0 fnt\n|faint|p1a: Flutter Mane\n|-end|p1a: Flutter Mane|Protosynthesis|[silent]\n|move|p1b: Great Tusk|Rock Slide|p2b: Iron Bundle|[spread] p2a,p2b\n|-supereffective|p2a: Chien-Pao\n|-damage|p2a: Chien-Pao|36\/100\n|-damage|p2b: Iron Bundle|0 fnt\n|faint|p2b: Iron Bundle\n|-end|p2b: Iron Bundle|Quark Drive|[silent]\n|\n|upkeep\n|c|\u2606Flipsicle|gg\n|c|\u2606depressionstuff|gg\n|\n|t:|1683721395\n|switch|p1a: Chi-Yu|Chi-Yu, L50|100\/100\n|-ability|p1a: Chi-Yu|Beads of Ruin\n|turn|6\n|l| Cowboydryclean\n|\n|t:|1683721408\n|move|p2a: Chien-Pao|Ice Spinner|p1b: Great Tusk\n|-supereffective|p1b: Great Tusk\n|-enditem|p1b: Great Tusk|Focus Sash\n|-damage|p1b: Great Tusk|1\/100\n|move|p1b: Great Tusk|Close Combat|p2a: Chien-Pao\n|-supereffective|p2a: Chien-Pao\n|-damage|p2a: Chien-Pao|0 fnt\n|-unboost|p1b: Great Tusk|def|1\n|-unboost|p1b: Great Tusk|spd|1\n|faint|p2a: Chien-Pao\n|\n|win|depressionstuff\n|n|\u2606depressionstuff|depressionstuff\n|n|\u2606Flipsicle|flipsicle\n","uploadtime":1683721409,"views":7,"p1id":"depressionstuff","p2id":"flipsicle","formatid":"gen9vgc2023regulationc","rating":0,"private":0,"password":""}