{"id":"gen9vgc2023regulationc-1853191243","p1":"marvinthegamer","p2":"NouzenAkai","format":"[Gen 9] VGC 2023 Regulation C","log":"|j|\u2606marvinthegamer\n|j|\u2606NouzenAkai\n|t:|1682646519\n|gametype|doubles\n|player|p1|marvinthegamer|bugsy|1032\n|player|p2|NouzenAkai|170|1045\n|teamsize|p1|6\n|teamsize|p2|6\n|gen|9\n|tier|[Gen 9] VGC 2023 Regulation C\n|rated|\n|rule|Species Clause: Limit one of each Pok\u00e9mon\n|rule|Item Clause: Limit one of each item\n|clearpoke\n|poke|p1|Barraskewda, L50, M|\n|poke|p1|Pelipper, L50, F|\n|poke|p1|Amoonguss, L50, F|\n|poke|p1|Annihilape, L50, M|\n|poke|p1|Ting-Lu, L50|\n|poke|p1|Roaring Moon, L50|\n|poke|p2|Quaquaval, L50, M|\n|poke|p2|Chi-Yu, L50|\n|poke|p2|Grimmsnarl, L50, M|\n|poke|p2|Houndstone, L50, M|\n|poke|p2|Garchomp, L50, F|\n|poke|p2|Amoonguss, L50, F|\n|teampreview|4\n|inactive|Battle timer is ON: inactive players will automatically lose when time's up. (requested by marvinthegamer)\n|inactive|NouzenAkai has 60 seconds left.\n|\n|t:|1682646582\n|start\n|switch|p1a: Pelipper|Pelipper, L50, F|100\/100\n|switch|p1b: Barraskewda|Barraskewda, L50, M|100\/100\n|switch|p2a: Quaquaval|Quaquaval, L50, M|100\/100\n|switch|p2b: Amoonguss|Amoonguss, L50, F|100\/100\n|-weather|RainDance|[from] ability: Drizzle|[of] p1a: Pelipper\n|turn|1\n|\n|t:|1682646598\n|move|p1a: Pelipper|Helping Hand|p1b: Barraskewda\n|-singleturn|p1b: Barraskewda|Helping Hand|[of] p1a: Pelipper\n|move|p2b: Amoonguss|Rage Powder|p2b: Amoonguss\n|-singleturn|p2b: Amoonguss|move: Rage Powder\n|move|p1b: Barraskewda|Psychic Fangs|p2a: Quaquaval\n|-supereffective|p2a: Quaquaval\n|-damage|p2a: Quaquaval|0 fnt\n|faint|p2a: Quaquaval\n|\n|-weather|RainDance|[upkeep]\n|upkeep\n|-message|NouzenAkai forfeited.\n|\n|win|marvinthegamer\n|raw|marvinthegamer's rating: 1032 → 1069<\/strong> (+37 for winning)\n|raw|NouzenAkai's rating: 1045 → 1028<\/strong> (-17 for losing)\n|l|\u2606NouzenAkai\n","uploadtime":1682646612,"views":5,"p1id":"marvinthegamer","p2id":"nouzenakai","formatid":"gen9vgc2023regulationc","rating":1028,"private":0,"password":""}