{"id":"gen9vgc2023regulationc-1849924131","p1":"IsaacGR2006","p2":"pkmnwoo","format":"[Gen 9] VGC 2023 Regulation C","log":"|j|\u2606IsaacGR2006\n|j|\u2606pkmnwoo\n|t:|1682268621\n|gametype|doubles\n|player|p1|IsaacGR2006|ghetsis|1373\n|player|p2|pkmnwoo|battlegirl-gen4|1318\n|teamsize|p1|6\n|teamsize|p2|6\n|gen|9\n|tier|[Gen 9] VGC 2023 Regulation C\n|rated|\n|rule|Species Clause: Limit one of each Pok\u00e9mon\n|rule|Item Clause: Limit one of each item\n|clearpoke\n|poke|p1|Amoonguss, L50, F|\n|poke|p1|Palafin, L50, F|\n|poke|p1|Arcanine, L50, M|\n|poke|p1|Flutter Mane, L50|\n|poke|p1|Ting-Lu, L50|\n|poke|p1|Kingambit, L50, M|\n|poke|p2|Ceruledge, L50, M|\n|poke|p2|Sableye, L50, M|\n|poke|p2|Iron Bundle, L50|\n|poke|p2|Flutter Mane, L50|\n|poke|p2|Chi-Yu, L50|\n|poke|p2|Ting-Lu, L50|\n|teampreview|4\nIsaacGR2006 has agreed to open team sheets.\n|inactive|Battle timer is ON: inactive players will automatically lose when time's up. (requested by pkmnwoo)\n|\n|t:|1682268673\n|start\n|switch|p1a: Palafin|Palafin, L50, F|100\/100\n|switch|p1b: Ting-Lu|Ting-Lu, L50|100\/100\n|switch|p2a: Ceruledge|Ceruledge, L50, M|100\/100\n|switch|p2b: Sableye|Sableye, L50, M|100\/100\n|-ability|p1b: Ting-Lu|Vessel of Ruin\n|turn|1\n|\n|t:|1682268680\n|detailschange|p1a: Palafin|Palafin-Hero, L50, F\n|switch|p1a: Kingambit|Kingambit, L50, M|100\/100\n|-terastallize|p2a: Ceruledge|Grass\n|move|p2b: Sableye|Reflect|p2b: Sableye\n|-sidestart|p2: pkmnwoo|Reflect\n|move|p2a: Ceruledge|Bulk Up|p2a: Ceruledge\n|-boost|p2a: Ceruledge|atk|1\n|-boost|p2a: Ceruledge|def|1\n|move|p1b: Ting-Lu|Stomping Tantrum|p2a: Ceruledge\n|-resisted|p2a: Ceruledge\n|-damage|p2a: Ceruledge|93\/100\n|\n|-heal|p2a: Ceruledge|99\/100|[from] item: Leftovers\n|upkeep\n|turn|2\n|\n|t:|1682268700\n|switch|p2b: Iron Bundle|Iron Bundle, L50|100\/100\n|-enditem|p2b: Iron Bundle|Booster Energy\n|-activate|p2b: Iron Bundle|ability: Quark Drive|[fromitem]\n|-start|p2b: Iron Bundle|quarkdrivespe\n|move|p1a: Kingambit|Protect|p1a: Kingambit\n|-singleturn|p1a: Kingambit|Protect\n|move|p2a: Ceruledge|Bulk Up|p2a: Ceruledge\n|-boost|p2a: Ceruledge|atk|1\n|-boost|p2a: Ceruledge|def|1\n|move|p1b: Ting-Lu|Fissure|p2a: Ceruledge|[miss]\n|-miss|p1b: Ting-Lu|p2a: Ceruledge\n|\n|-heal|p2a: Ceruledge|100\/100|[from] item: Leftovers\n|upkeep\n|turn|3\n|inactive|IsaacGR2006 has 30 seconds left.\n|\n|t:|1682268733\n|switch|p1a: Palafin|Palafin-Hero, L50, F|100\/100\n|-activate|p1a: Palafin|ability: Zero to Hero\n|move|p2b: Iron Bundle|Hydro Pump|p1b: Ting-Lu\n|-supereffective|p1b: Ting-Lu\n|-damage|p1b: Ting-Lu|59\/100\n|move|p2a: Ceruledge|Bitter Blade|p1b: Ting-Lu\n|-damage|p1b: Ting-Lu|15\/100\n|move|p1b: Ting-Lu|Fissure|p2a: Ceruledge|[miss]\n|-miss|p1b: Ting-Lu|p2a: Ceruledge\n|\n|upkeep\n|turn|4\n|-message|IsaacGR2006 forfeited.\n|\n|win|pkmnwoo\n|raw|IsaacGR2006's rating: 1373 → 1350<\/strong> (-23 for losing)\n|raw|pkmnwoo's rating: 1318 → 1341<\/strong> (+23 for winning)\n|l|\u2606IsaacGR2006\n","uploadtime":1682268744,"views":6,"p1id":"isaacgr2006","p2id":"pkmnwoo","formatid":"gen9vgc2023regulationc","rating":1341,"private":0,"password":""}