{"id":"gen9vgc2023regulationc-1845059241","p1":"genjiazul","p2":"HeartOfOak","format":"[Gen 9] VGC 2023 Regulation C","log":"|j|\u2606genjiazul\n|j|\u2606HeartOfOak\n|t:|1681678895\n|gametype|doubles\n|player|p1|genjiazul|102|1012\n|player|p2|HeartOfOak|2|1024\n|teamsize|p1|6\n|teamsize|p2|6\n|gen|9\n|tier|[Gen 9] VGC 2023 Regulation C\n|rated|\n|rule|Species Clause: Limit one of each Pok\u00e9mon\n|rule|Item Clause: Limit one of each item\n|clearpoke\n|poke|p1|Chi-Yu, L50|\n|poke|p1|Iron Bundle, L50|\n|poke|p1|Breloom, L50, F|\n|poke|p1|Sableye, L50, M|\n|poke|p1|Dragonite, L50, F|\n|poke|p1|Great Tusk, L50|\n|poke|p2|Flutter Mane, L50|\n|poke|p2|Murkrow, L50, M|\n|poke|p2|Iron Bundle, L50|\n|poke|p2|Dragonite, L50, M|\n|poke|p2|Talonflame, L50, F|\n|poke|p2|Clodsire, L50, F|\n|teampreview|4\n|\n|t:|1681678934\n|start\n|switch|p1a: Breloom|Breloom, L50, F, shiny|100\/100\n|switch|p1b: Sableye|Sableye, L50, M, shiny|100\/100\n|switch|p2a: Murkrow|Murkrow, L50, M|100\/100\n|switch|p2b: Flutter Mane|Flutter Mane, L50|100\/100\n|turn|1\n|\n|t:|1681678960\n|move|p2b: Flutter Mane|Protect|p2b: Flutter Mane\n|-singleturn|p2b: Flutter Mane|Protect\n|move|p2a: Murkrow|Tailwind|p2a: Murkrow\n|-sidestart|p2: HeartOfOak|move: Tailwind\n|move|p1b: Sableye|Skill Swap|p1a: Breloom\n|-activate|p1b: Sableye|move: Skill Swap|||[of] p1a: Breloom\n|move|p1a: Breloom|Spore|p2b: Flutter Mane\n|-activate|p2b: Flutter Mane|move: Protect\n|\n|upkeep\n|turn|2\n|\n|t:|1681678986\n|move|p2a: Murkrow|Taunt|p1a: Breloom\n|-start|p1a: Breloom|move: Taunt\n|cant|p1a: Breloom|move: Taunt|Spore\n|move|p2b: Flutter Mane|Dazzling Gleam|p1a: Breloom|[spread] p1a,p1b\n|-supereffective|p1a: Breloom\n|-supereffective|p1b: Sableye\n|-damage|p1a: Breloom|0 fnt\n|-enditem|p1b: Sableye|Focus Sash\n|-damage|p1b: Sableye|1\/100\n|faint|p1a: Breloom\n|move|p1b: Sableye|Knock Off|p2a: Murkrow\n|-resisted|p2a: Murkrow\n|-damage|p2a: Murkrow|74\/100\n|-enditem|p2a: Murkrow|Eviolite|[from] move: Knock Off|[of] p1b: Sableye\n|\n|upkeep\n|\n|t:|1681678998\n|switch|p1a: Iron Bundle|Iron Bundle, L50|100\/100\n|-enditem|p1a: Iron Bundle|Booster Energy\n|-activate|p1a: Iron Bundle|ability: Quark Drive|[fromitem]\n|-start|p1a: Iron Bundle|quarkdrivespe\n|turn|3\n|-message|genjiazul forfeited.\n|\n|win|HeartOfOak\n|raw|genjiazul's rating: 1012 → 1001<\/strong> (-11 for losing)\n|raw|HeartOfOak's rating: 1024 → 1059<\/strong> (+35 for winning)\n|l|\u2606genjiazul\n","uploadtime":1681679016,"views":10,"p1id":"genjiazul","p2id":"heartofoak","formatid":"gen9vgc2023regulationc","rating":1001,"private":0,"password":""}