{"id":"gen9vgc2023regulationc-1853023216","p1":"Ab0ve5029","p2":"testinglitch1","format":"[Gen 9] VGC 2023 Regulation C","log":"|j|\u2606Ab0ve5029\n|j|\u2606testinglitch1\n|t:|1682626667\n|gametype|doubles\n|player|p1|Ab0ve5029|n|\n|player|p2|testinglitch1|102|\n|teamsize|p1|6\n|teamsize|p2|6\n|gen|9\n|tier|[Gen 9] VGC 2023 Regulation C\n|rated|Tournament battle\n|rule|Species Clause: Limit one of each Pok\u00e9mon\n|rule|Item Clause: Limit one of each item\n|clearpoke\n|poke|p1|Chien-Pao, L50|\n|poke|p1|Dragapult, L50, M|\n|poke|p1|Palafin, L50, F|\n|poke|p1|Iron Hands, L50|\n|poke|p1|Ting-Lu, L50|\n|poke|p1|Amoonguss, L50, M|\n|poke|p2|Flutter Mane, L50|\n|poke|p2|Ting-Lu, L50|\n|poke|p2|Amoonguss, L50, M|\n|poke|p2|Ceruledge, L50, F|\n|poke|p2|Gyarados, L50, M|\n|poke|p2|Iron Hands, L50|\n|teampreview|4\n|raw| Open Team Sheet for Ab0ve5029<\/summary>Chien-Pao @ Focus Sash Ability: Sword of Ruin Level: 50 Tera Type: Ghost - Ice Spinner - Throat Chop - Sacred Sword - Protect Dragapult @ Choice Band Ability: Clear Body Level: 50 Tera Type: Steel - Dragon Darts - Phantom Force - Tera Blast - U-turn Palafin @ Mystic Water Ability: Zero to Hero Level: 50 Tera Type: Water - Wave Crash - Jet Punch - Haze - Protect Iron Hands @ Safety Goggles Ability: Quark Drive Level: 50 Tera Type: Fire - Wild Charge - Drain Punch - Swords Dance - Detect Ting-Lu @ Assault Vest Ability: Vessel of Ruin Level: 50 Tera Type: Water - Throat Chop - Heavy Slam - Stomping Tantrum - Fissure Amoonguss @ Sitrus Berry Ability: Regenerator Level: 50 Tera Type: Water - Pollen Puff - Spore - Rage Powder - Protect <\/details><\/div> Open Team Sheet for testinglitch1<\/summary>Flutter Mane @ Booster Energy Ability: Protosynthesis Level: 50 Tera Type: Fairy - Moonblast - Shadow Ball - Trick Room - Protect Ting-Lu @ Choice Band Ability: Vessel of Ruin Level: 50 Tera Type: Fire - Heavy Slam - Stomping Tantrum - Earthquake - Rock Slide Amoonguss @ Rocky Helmet Ability: Regenerator Level: 50 Tera Type: Water - Rage Powder - Spore - Pollen Puff - Protect Ceruledge @ Clear Amulet Ability: Flash Fire Level: 50 Tera Type: Grass - Bitter Blade - Shadow Sneak - Bulk Up - Tera Blast Gyarados @ Safety Goggles Ability: Intimidate Level: 50 Shiny: Yes Tera Type: Steel - Waterfall - Thunder Wave - Taunt - Helping Hand Iron Hands @ Assault Vest Ability: Quark Drive Level: 50 Tera Type: Fire - Fake Out - Drain Punch - Wild Charge - Volt Switch <\/details><\/div>\n|c|\u2606testinglitch1|Glhf\n|c|\u2606Ab0ve5029|glhf\n|inactive|Battle timer is ON: inactive players will automatically lose when time's up. (requested by Ab0ve5029)\n|\n|t:|1682626725\n|start\n|switch|p1a: Palafin|Palafin, L50, F|100\/100\n|switch|p1b: Iron Hands|Iron Hands, L50|100\/100\n|switch|p2a: Ting-Lu|Ting-Lu, L50|100\/100\n|switch|p2b: Iron Hands|Iron Hands, L50|100\/100\n|-ability|p2a: Ting-Lu|Vessel of Ruin\n|turn|1\n|\n|t:|1682626746\n|switch|p2a: Amoonguss|Amoonguss, L50, M|100\/100\n|move|p1a: Palafin|Protect|p1a: Palafin\n|-singleturn|p1a: Palafin|Protect\n|move|p1b: Iron Hands|Detect|p1b: Iron Hands\n|-singleturn|p1b: Iron Hands|Protect\n|move|p2b: Iron Hands|Volt Switch|p1a: Palafin\n|-activate|p1a: Palafin|move: Protect\n|\n|upkeep\n|turn|2\n|\n|t:|1682626767\n|detailschange|p1a: Palafin|Palafin-Hero, L50, F\n|switch|p1a: Amoonguss|Amoonguss, L50, M|100\/100\n|move|p2b: Iron Hands|Drain Punch|p1a: Amoonguss\n|-resisted|p1a: Amoonguss\n|-crit|p1a: Amoonguss\n|-damage|p1a: Amoonguss|75\/100\n|move|p1b: Iron Hands|Swords Dance|p1b: Iron Hands\n|-boost|p1b: Iron Hands|atk|2\n|move|p2a: Amoonguss|Spore|p1b: Iron Hands\n|-activate|p1b: Iron Hands|item: Safety Goggles|Spore\n|\n|upkeep\n|turn|3\n|inactive|testinglitch1 has 30 seconds left.\n|\n|t:|1682626798\n|move|p2a: Amoonguss|Protect|p2a: Amoonguss\n|-singleturn|p2a: Amoonguss|Protect\n|move|p2b: Iron Hands|Volt Switch|p1a: Amoonguss\n|-resisted|p1a: Amoonguss\n|-damage|p1a: Amoonguss|69\/100\n|j| Wyvern129\n|\n|t:|1682626805\n|-end|p2b: Iron Hands|Quark Drive|[silent]\n|switch|p2b: Ting-Lu|Ting-Lu, L50|100\/100|[from] Volt Switch\n|-ability|p2b: Ting-Lu|Vessel of Ruin\n|move|p1b: Iron Hands|Swords Dance|p1b: Iron Hands\n|-boost|p1b: Iron Hands|atk|2\n|move|p1a: Amoonguss|Spore|p2b: Ting-Lu\n|-status|p2b: Ting-Lu|slp|[from] move: Spore\n|\n|upkeep\n|turn|4\n|\n|t:|1682626820\n|move|p1b: Iron Hands|Drain Punch|p2b: Ting-Lu\n|-supereffective|p2b: Ting-Lu\n|-damage|p2b: Ting-Lu|0 fnt\n|faint|p2b: Ting-Lu\n|move|p1a: Amoonguss|Pollen Puff|p2a: Amoonguss\n|-damage|p2a: Amoonguss|85\/100\n|move|p2a: Amoonguss|Pollen Puff|p2: Ting-Lu|[notarget]\n|-fail|p2a: Amoonguss\n|\n|upkeep\n|\n|t:|1682626831\n|switch|p2b: Iron Hands|Iron Hands, L50|100\/100\n|turn|5\n|\n|t:|1682626839\n|move|p1b: Iron Hands|Detect|p1b: Iron Hands\n|-singleturn|p1b: Iron Hands|Protect\n|move|p1a: Amoonguss|Protect|p1a: Amoonguss\n|-singleturn|p1a: Amoonguss|Protect\n|move|p2b: Iron Hands|Fake Out|p1b: Iron Hands\n|-activate|p1b: Iron Hands|move: Protect\n|move|p2a: Amoonguss|Pollen Puff|p1a: Amoonguss\n|-activate|p1a: Amoonguss|move: Protect\n|\n|upkeep\n|turn|6\n|\n|t:|1682626852\n|move|p2b: Iron Hands|Drain Punch|p1b: Iron Hands\n|-damage|p1b: Iron Hands|74\/100\n|move|p1b: Iron Hands|Drain Punch|p2b: Iron Hands\n|-damage|p2b: Iron Hands|14\/100\n|-heal|p1b: Iron Hands|100\/100|[from] drain|[of] p2b: Iron Hands\n|move|p1a: Amoonguss|Spore|p2b: Iron Hands\n|-status|p2b: Iron Hands|slp|[from] move: Spore\n|move|p2a: Amoonguss|Pollen Puff|p1a: Amoonguss\n|-damage|p1a: Amoonguss|53\/100\n|\n|upkeep\n|turn|7\n|j| FunneeMonkee\n|c|\u2606testinglitch1|I was not prepared for googles hands\n|c|\u2606testinglitch1|ggs\n|inactive|testinglitch1 has 30 seconds left.\n|c|\u2606Ab0ve5029|gg\n|-message|testinglitch1 forfeited.\n|\n|win|Ab0ve5029\n|n|\u2606Ab0ve5029|ab0ve5029\n|n|\u2606testinglitch1|testinglitch1\n|n| Wyvern129|wyvern129\n|n| FunneeMonkee|funneemonkee\n","uploadtime":1682626882,"views":14,"p1id":"ab0ve5029","p2id":"testinglitch1","formatid":"gen9vgc2023regulationc","rating":0,"private":0,"password":""}