{"id":"gen9vgc2023regulationc-1862081156","p1":"All_G4mes_Tupra","p2":"NickSapphire","format":"[Gen 9] VGC 2023 Regulation C","log":"|j|\u2606All_G4mes_Tupra\n|j|\u2606NickSapphire\n|t:|1683835032\n|gametype|doubles\n|player|p1|All_G4mes_Tupra|n|1085\n|player|p2|NickSapphire|emmet|1048\n|teamsize|p1|6\n|teamsize|p2|6\n|gen|9\n|tier|[Gen 9] VGC 2023 Regulation C\n|rated|\n|rule|Species Clause: Limit one of each Pok\u00e9mon\n|rule|Item Clause: Limit one of each item\n|clearpoke\n|poke|p1|Palafin, L50, M|\n|poke|p1|Arcanine, L50, M|\n|poke|p1|Amoonguss, L50, F|\n|poke|p1|Ting-Lu, L50|\n|poke|p1|Baxcalibur, L50, M|\n|poke|p1|Flutter Mane, L50|\n|poke|p2|Barraskewda, L50, F|\n|poke|p2|Pelipper, L50, M|\n|poke|p2|Chien-Pao, L50|\n|poke|p2|Amoonguss, L50, M|\n|poke|p2|Gholdengo, L50|\n|poke|p2|Iron Hands, L50|\n|teampreview|4\n|\n|t:|1683835082\n|start\n|switch|p1a: Flutter Mane|Flutter Mane, L50, shiny|100\/100\n|switch|p1b: Arcanine|Arcanine, L50, M|100\/100\n|switch|p2a: Chien-Pao|Chien-Pao, L50|100\/100\n|switch|p2b: Gholdengo|Gholdengo, L50|100\/100\n|-ability|p2a: Chien-Pao|Sword of Ruin\n|-ability|p1b: Arcanine|Intimidate|boost\n|-unboost|p2a: Chien-Pao|atk|1\n|-unboost|p2b: Gholdengo|atk|1\n|turn|1\n|inactive|Battle timer is ON: inactive players will automatically lose when time's up. (requested by All_G4mes_Tupra)\n|\n|t:|1683835113\n|-end|p1a: Flutter Mane|Protosynthesis|[silent]\n|switch|p1a: Ting-Lu|Ting-Lu, L50|100\/100\n|-ability|p1a: Ting-Lu|Vessel of Ruin\n|move|p2a: Chien-Pao|Sucker Punch||[still]\n|-fail|p2a: Chien-Pao\n|move|p2b: Gholdengo|Make It Rain|p1a: Ting-Lu|[spread] p1a,p1b\n|-resisted|p1b: Arcanine\n|-damage|p1a: Ting-Lu|73\/100\n|-damage|p1b: Arcanine|80\/100\n|-unboost|p2b: Gholdengo|spa|1\n|move|p1b: Arcanine|Will-O-Wisp|p2a: Chien-Pao\n|-status|p2a: Chien-Pao|brn\n|\n|-damage|p2a: Chien-Pao|95\/100 brn|[from] brn\n|upkeep\n|turn|2\n|inactive|All_G4mes_Tupra has 30 seconds left.\n|\n|t:|1683835143\n|switch|p2a: Barraskewda|Barraskewda, L50, F, shiny|100\/100\n|switch|p2b: Pelipper|Pelipper, L50, M|100\/100\n|-weather|RainDance|[from] ability: Drizzle|[of] p2b: Pelipper\n|move|p1b: Arcanine|Howl|p1b: Arcanine|[spread] p1a,p1b\n|-boost|p1a: Ting-Lu|atk|1\n|-boost|p1b: Arcanine|atk|1\n|move|p1a: Ting-Lu|Stomping Tantrum|p2b: Pelipper\n|-immune|p2b: Pelipper\n|\n|-weather|RainDance|[upkeep]\n|upkeep\n|turn|3\n|c|\u2606NickSapphire|!dt vessel of ruin\n|raw| Vessel of Ruin<\/a><\/span> Active Pokemon without this Ability have their Special Attack multiplied by 0.75.<\/span> <\/li> <\/li><\/ul>\n|raw|Gen:<\/font> 9<\/font>\n\n|inactive|NickSapphire has 30 seconds left.\n|\n|t:|1683835176\n|switch|p1b: Baxcalibur|Baxcalibur, L50, M|100\/100\n|move|p2a: Barraskewda|Liquidation|p1a: Ting-Lu\n|-supereffective|p1a: Ting-Lu\n|-damage|p1a: Ting-Lu|0 fnt\n|faint|p1a: Ting-Lu\n|-damage|p2a: Barraskewda|91\/100|[from] item: Life Orb\n|move|p2b: Pelipper|Hydro Pump|p1b: Baxcalibur\n|-resisted|p1b: Baxcalibur\n|-damage|p1b: Baxcalibur|62\/100\n|\n|-weather|RainDance|[upkeep]\n|upkeep\n|\n|t:|1683835187\n|switch|p1a: Flutter Mane|Flutter Mane, L50, shiny|100\/100\n|turn|4\n|\n|t:|1683835196\n|move|p2a: Barraskewda|Liquidation|p1a: Flutter Mane\n|-damage|p1a: Flutter Mane|0 fnt\n|faint|p1a: Flutter Mane\n|-end|p1a: Flutter Mane|Protosynthesis|[silent]\n|-damage|p2a: Barraskewda|82\/100|[from] item: Life Orb\n|move|p1b: Baxcalibur|Glaive Rush|p2a: Barraskewda\n|-damage|p2a: Barraskewda|0 fnt\n|-singlemove|p1b: Baxcalibur|Glaive Rush|[silent]\n|faint|p2a: Barraskewda\n|move|p2b: Pelipper|Hurricane|p1b: Baxcalibur\n|-damage|p1b: Baxcalibur|0 fnt\n|faint|p1b: Baxcalibur\n|\n|-weather|RainDance|[upkeep]\n|upkeep\n|-message|All_G4mes_Tupra forfeited.\n|\n|win|NickSapphire\n|raw|All_G4mes_Tupra's rating: 1085 → 1060<\/strong> (-25 for losing)\n|raw|NickSapphire's rating: 1048 → 1084<\/strong> (+36 for winning)\n|l|\u2606All_G4mes_Tupra\n","uploadtime":1683835213,"views":12,"p1id":"allg4mestupra","p2id":"nicksapphire","formatid":"gen9vgc2023regulationc","rating":1060,"private":0,"password":""}