{"id":"gen9vgc2023regulationc-1857947602","p1":"joshdonnie","p2":"Moodies5","format":"[Gen 9] VGC 2023 Regulation C","log":"|j|\u2606joshdonnie\n|j|\u2606Moodies5\n|t:|1683250947\n|gametype|doubles\n|player|p1|joshdonnie|102|1331\n|player|p2|Moodies5|2|1256\n|teamsize|p1|6\n|teamsize|p2|6\n|gen|9\n|tier|[Gen 9] VGC 2023 Regulation C\n|rated|\n|rule|Species Clause: Limit one of each Pok\u00e9mon\n|rule|Item Clause: Limit one of each item\n|clearpoke\n|poke|p1|Garchomp, L50, M|\n|poke|p1|Annihilape, L50, M|\n|poke|p1|Kingambit, L50, M|\n|poke|p1|Chien-Pao, L50|\n|poke|p1|Rotom-Wash, L50|\n|poke|p1|Flutter Mane, L50|\n|poke|p2|Abomasnow, L50, F|\n|poke|p2|Iron Bundle, L50|\n|poke|p2|Ceruledge, L50, M|\n|poke|p2|Azumarill, L50, F|\n|poke|p2|Amoonguss, L50, M|\n|poke|p2|Kingambit, L50, F|\n|teampreview|4\njoshdonnie has agreed to open team sheets.\n|\n|t:|1683250982\n|start\n|switch|p1a: Annihilape|Annihilape, L50, M|100\/100\n|switch|p1b: Rotom|Rotom-Wash, L50, shiny|100\/100\n|switch|p2a: Abomasnow|Abomasnow, L50, F|100\/100\n|switch|p2b: Iron Bundle|Iron Bundle, L50|100\/100\n|-weather|Snow|[from] ability: Snow Warning|[of] p2a: Abomasnow\n|turn|1\n|\n|t:|1683251001\n|-terastallize|p1b: Rotom|Electric\n|move|p2b: Iron Bundle|Protect|p2b: Iron Bundle\n|-singleturn|p2b: Iron Bundle|Protect\n|move|p1a: Annihilape|Bulk Up|p1a: Annihilape\n|-boost|p1a: Annihilape|atk|1\n|-boost|p1a: Annihilape|def|1\n|move|p1b: Rotom|Thunderbolt|p2b: Iron Bundle\n|-activate|p2b: Iron Bundle|move: Protect\n|move|p2a: Abomasnow|Aurora Veil|p2a: Abomasnow\n|-sidestart|p2: Moodies5|move: Aurora Veil\n|\n|-weather|Snow|[upkeep]\n|upkeep\n|turn|2\n|\n|t:|1683251018\n|-terastallize|p2b: Iron Bundle|Ice\n|move|p2a: Abomasnow|Helping Hand|p2b: Iron Bundle\n|-singleturn|p2b: Iron Bundle|Helping Hand|[of] p2a: Abomasnow\n|move|p2b: Iron Bundle|Blizzard|p1b: Rotom|[spread] p1a,p1b\n|-crit|p1b: Rotom\n|-damage|p1a: Annihilape|0 fnt\n|-damage|p1b: Rotom|0 fnt\n|faint|p1a: Annihilape\n|faint|p1b: Rotom\n|-damage|p2b: Iron Bundle|91\/100|[from] item: Life Orb\n|\n|-weather|Snow|[upkeep]\n|upkeep\n|\n|t:|1683251025\n|switch|p1a: Chien-Pao|Chien-Pao, L50|100\/100\n|switch|p1b: Garchomp|Garchomp, L50, M|100\/100\n|-ability|p1a: Chien-Pao|Sword of Ruin\n|turn|3\n|c|\u2606joshdonnie|goddammm\n|\n|t:|1683251037\n|move|p1b: Garchomp|Protect|p1b: Garchomp\n|-singleturn|p1b: Garchomp|Protect\n|move|p1a: Chien-Pao|Sucker Punch|p2b: Iron Bundle\n|-damage|p2b: Iron Bundle|65\/100\n|move|p2b: Iron Bundle|Blizzard|p1b: Garchomp|[spread] p1a\n|-activate|p1b: Garchomp|move: Protect\n|-resisted|p1a: Chien-Pao\n|-damage|p1a: Chien-Pao|39\/100\n|-damage|p2b: Iron Bundle|55\/100|[from] item: Life Orb\n|move|p2a: Abomasnow|Blizzard|p1b: Garchomp|[spread] p1a\n|-activate|p1b: Garchomp|move: Protect\n|-resisted|p1a: Chien-Pao\n|-damage|p1a: Chien-Pao|12\/100\n|\n|-weather|Snow|[upkeep]\n|upkeep\n|turn|4\n|-message|joshdonnie forfeited.\n|\n|win|Moodies5\n|raw|joshdonnie's rating: 1331 → 1307<\/strong> (-24 for losing)\n|raw|Moodies5's rating: 1256 → 1286<\/strong> (+30 for winning)\n|l|\u2606Moodies5\n|player|p1|joshdonnie|102\n","uploadtime":1683251068,"views":26,"p1id":"joshdonnie","p2id":"moodies5","formatid":"gen9vgc2023regulationc","rating":1286,"private":0,"password":""}