{"id":"gen9vgc2023regulationc-1857326665","p1":"mence x vgc","p2":"1jx","format":"[Gen 9] VGC 2023 Regulation C","log":"|j|\u2606mence x vgc\n|j|\u26061jx\n|t:|1683173842\n|gametype|doubles\n|player|p1|mence x vgc|janine|1386\n|player|p2|1jx|1|1307\n|teamsize|p1|6\n|teamsize|p2|6\n|gen|9\n|tier|[Gen 9] VGC 2023 Regulation C\n|rated|\n|rule|Species Clause: Limit one of each Pok\u00e9mon\n|rule|Item Clause: Limit one of each item\n|clearpoke\n|poke|p1|Amoonguss, L50, F|\n|poke|p1|Gyarados, L50, F|\n|poke|p1|Iron Hands, L50|\n|poke|p1|Flutter Mane, L50|\n|poke|p1|Chi-Yu, L50|\n|poke|p1|Ting-Lu, L50|\n|poke|p2|Annihilape, L50, M|\n|poke|p2|Maushold, L50|\n|poke|p2|Chien-Pao, L50|\n|poke|p2|Chi-Yu, L50|\n|poke|p2|Flutter Mane, L50|\n|poke|p2|Amoonguss, L50, F|\n|teampreview|4\n|inactive|Battle timer is ON: inactive players will automatically lose when time's up. (requested by 1jx)\n|inactive|mence x vgc has 60 seconds left.\n|j| Masttery\n|l| Masttery\n|inactive|mence x vgc has 30 seconds left.\n|inactive|mence x vgc has 20 seconds left.\n|inactive|mence x vgc has 15 seconds left.\n|inactive|mence x vgc has 10 seconds left.\n|\n|t:|1683173924\n|start\n|switch|p1a: Iron Hands|Iron Hands, L50, shiny|100\/100\n|switch|p1b: Flutter Mane|Flutter Mane, L50, shiny|100\/100\n|switch|p2a: Annihilape|Annihilape, L50, M|100\/100\n|switch|p2b: Maushold|Maushold, L50|100\/100\n|-enditem|p1b: Flutter Mane|Booster Energy\n|-activate|p1b: Flutter Mane|ability: Protosynthesis|[fromitem]\n|-start|p1b: Flutter Mane|protosynthesisspa\n|turn|1\n|inactive|mence x vgc has 30 seconds left.\n|inactive|1jx has 30 seconds left.\n|inactive|mence x vgc has 20 seconds left.\n|inactive|mence x vgc has 15 seconds left.\n|inactive|1jx has 20 seconds left.\n|inactive|mence x vgc has 10 seconds left.\n|inactive|mence x vgc has 5 seconds left.\n|\n|t:|1683173975\n|-terastallize|p1b: Flutter Mane|Fairy\n|-terastallize|p2b: Maushold|Ghost\n|move|p1a: Iron Hands|Fake Out|p2b: Maushold\n|-immune|p2b: Maushold\n|move|p1b: Flutter Mane|Moonblast|p2b: Maushold\n|-damage|p2b: Maushold|0 fnt\n|faint|p2b: Maushold\n|move|p2a: Annihilape|Rage Fist|p1b: Flutter Mane\n|-damage|p1b: Flutter Mane|58\/100\n|\n|upkeep\n|\n|t:|1683173990\n|switch|p2b: Flutter Mane|Flutter Mane, L50|100\/100\n|-enditem|p2b: Flutter Mane|Booster Energy\n|-activate|p2b: Flutter Mane|ability: Protosynthesis|[fromitem]\n|-start|p2b: Flutter Mane|protosynthesisspe\n|turn|2\n|inactive|mence x vgc has 30 seconds left.\n|inactive|mence x vgc has 20 seconds left.\n|inactive|mence x vgc has 15 seconds left.\n|inactive|mence x vgc has 10 seconds left.\n|inactive|mence x vgc has 5 seconds left.\n|\n|t:|1683174044\n|move|p2b: Flutter Mane|Icy Wind|p1a: Iron Hands|[spread] p1b\n|-miss|p2b: Flutter Mane|p1a: Iron Hands\n|-damage|p1b: Flutter Mane|44\/100\n|-unboost|p1b: Flutter Mane|spe|1\n|move|p2a: Annihilape|Rage Fist|p1b: Flutter Mane\n|-damage|p1b: Flutter Mane|0 fnt\n|faint|p1b: Flutter Mane\n|-end|p1b: Flutter Mane|Protosynthesis|[silent]\n|move|p1a: Iron Hands|Wild Charge|p2b: Flutter Mane\n|-damage|p2b: Flutter Mane|0 fnt\n|faint|p2b: Flutter Mane\n|-end|p2b: Flutter Mane|Protosynthesis|[silent]\n|-damage|p1a: Iron Hands|86\/100|[from] Recoil\n|\n|upkeep\n|\n|t:|1683174062\n|switch|p2b: Chi-Yu|Chi-Yu, L50|100\/100\n|switch|p1b: Chi-Yu|Chi-Yu, L50|100\/100\n|-ability|p1b: Chi-Yu|Beads of Ruin\n|-ability|p2b: Chi-Yu|Beads of Ruin\n|turn|3\n|\n|t:|1683174084\n|move|p1b: Chi-Yu|Protect|p1b: Chi-Yu\n|-singleturn|p1b: Chi-Yu|Protect\n|move|p2a: Annihilape|Drain Punch|p1b: Chi-Yu\n|-activate|p1b: Chi-Yu|move: Protect\n|move|p2b: Chi-Yu|Fire Blast|p1a: Iron Hands\n|-damage|p1a: Iron Hands|22\/100\n|move|p1a: Iron Hands|Drain Punch|p2b: Chi-Yu\n|-supereffective|p2b: Chi-Yu\n|-damage|p2b: Chi-Yu|0 fnt\n|-heal|p1a: Iron Hands|50\/100|[from] drain|[of] p2b: Chi-Yu\n|faint|p2b: Chi-Yu\n|\n|upkeep\n|turn|4\n|-message|1jx forfeited.\n|\n|win|mence x vgc\n|raw|mence x vgc's rating: 1386 → 1402<\/strong> (+16 for winning)\n|raw|1jx's rating: 1307 → 1291<\/strong> (-16 for losing)\n|l|\u26061jx\n|c|\u2606mence x vgc|gg\n","uploadtime":1683174104,"views":8,"p1id":"mencexvgc","p2id":"1jx","formatid":"gen9vgc2023regulationc","rating":1291,"private":0,"password":""}