{"id":"gen9vgc2023regulationc-1851346527","p1":"shiftyyy","p2":"Very Maccheroni","format":"[Gen 9] VGC 2023 Regulation C","log":"|j|\u2606shiftyyy\n|j|\u2606Very Maccheroni\n|t:|1682437690\n|gametype|doubles\n|player|p1|shiftyyy|dawn-gen4pt|1333\n|player|p2|Very Maccheroni|lance|1346\n|teamsize|p1|6\n|teamsize|p2|6\n|gen|9\n|tier|[Gen 9] VGC 2023 Regulation C\n|rated|\n|rule|Species Clause: Limit one of each Pok\u00e9mon\n|rule|Item Clause: Limit one of each item\n|clearpoke\n|poke|p1|Corviknight, L50, M|\n|poke|p1|Ting-Lu, L50|\n|poke|p1|Annihilape, L50, M|\n|poke|p1|Flutter Mane, L50|\n|poke|p1|Amoonguss, L50, F|\n|poke|p1|Palafin, L50, M|\n|poke|p2|Palafin, L50, F|\n|poke|p2|Chien-Pao, L50|\n|poke|p2|Dragapult, L50, M|\n|poke|p2|Amoonguss, L50, M|\n|poke|p2|Arcanine, L50, F|\n|poke|p2|Flutter Mane, L50|\n|teampreview|4\n|\n|t:|1682437775\n|start\n|switch|p1a: Annihilape|Annihilape, L50, M|100\/100\n|switch|p1b: Corviknight|Corviknight, L50, M|100\/100\n|switch|p2a: Dragapult|Dragapult, L50, M|100\/100\n|switch|p2b: Chien-Pao|Chien-Pao, L50|100\/100\n|-ability|p2b: Chien-Pao|Sword of Ruin\n|turn|1\n|\n|t:|1682437803\n|move|p2b: Chien-Pao|Sucker Punch|p1a: Annihilape\n|-damage|p1a: Annihilape|61\/100\n|move|p2a: Dragapult|Dragon Darts|p1a: Annihilape\n|-damage|p1a: Annihilape|13\/100\n|-anim|p2a: Dragapult|Dragon Darts|p1b: Corviknight\n|-resisted|p1b: Corviknight\n|-damage|p1b: Corviknight|79\/100\n|move|p1a: Annihilape|Rage Fist|p2a: Dragapult\n|-supereffective|p2a: Dragapult\n|-damage|p2a: Dragapult|0 fnt\n|faint|p2a: Dragapult\n|move|p1b: Corviknight|Iron Head|p2b: Chien-Pao\n|-supereffective|p2b: Chien-Pao\n|-damage|p2b: Chien-Pao|8\/100\n|\n|-heal|p1a: Annihilape|20\/100|[from] item: Leftovers\n|upkeep\n|\n|t:|1682437819\n|switch|p2a: Amoonguss|Amoonguss, L50, M|100\/100\n|turn|2\n|\n|t:|1682437831\n|move|p1a: Annihilape|Protect|p1a: Annihilape\n|-singleturn|p1a: Annihilape|Protect\n|move|p2a: Amoonguss|Rage Powder|p2a: Amoonguss\n|-singleturn|p2a: Amoonguss|move: Rage Powder\n|move|p2b: Chien-Pao|Ice Spinner|p1a: Annihilape\n|-activate|p1a: Annihilape|move: Protect\n|move|p1b: Corviknight|Bulk Up|p1b: Corviknight\n|-boost|p1b: Corviknight|atk|1\n|-boost|p1b: Corviknight|def|1\n|\n|-heal|p1a: Annihilape|26\/100|[from] item: Leftovers\n|upkeep\n|turn|3\n|\n|t:|1682437851\n|switch|p1a: Amoonguss|Amoonguss, L50, F|100\/100\n|move|p2b: Chien-Pao|Sucker Punch||[still]\n|-fail|p2b: Chien-Pao\n|move|p1b: Corviknight|Brave Bird|p2a: Amoonguss\n|-supereffective|p2a: Amoonguss\n|-damage|p2a: Amoonguss|0 fnt\n|faint|p2a: Amoonguss\n|-damage|p1b: Corviknight|43\/100|[from] Recoil\n|-enditem|p1b: Corviknight|Sitrus Berry|[eat]\n|-heal|p1b: Corviknight|68\/100|[from] item: Sitrus Berry\n|\n|upkeep\n|-message|Very Maccheroni forfeited.\n|\n|win|shiftyyy\n|raw|shiftyyy's rating: 1333 → 1354<\/strong> (+21 for winning)\n|raw|Very Maccheroni's rating: 1346 → 1325<\/strong> (-21 for losing)\n|l|\u2606Very Maccheroni\n","uploadtime":1682437874,"views":32,"p1id":"shiftyyy","p2id":"verymaccheroni","formatid":"gen9vgc2023regulationc","rating":1325,"private":0,"password":""}