{"id":"gen9vgc2023regulationc-1855226031","p1":"brody.etc","p2":"nightamara","format":"[Gen 9] VGC 2023 Regulation C","log":"|j|\u2606brody.etc\n|j|\u2606nightamara\n|t:|1682918289\n|gametype|doubles\n|player|p1|brody.etc|266|1064\n|player|p2|nightamara|greta-gen3|1174\n|teamsize|p1|6\n|teamsize|p2|6\n|gen|9\n|tier|[Gen 9] VGC 2023 Regulation C\n|rated|\n|rule|Species Clause: Limit one of each Pok\u00e9mon\n|rule|Item Clause: Limit one of each item\n|clearpoke\n|poke|p1|Noivern, L50, F|\n|poke|p1|Froslass, L50, F|\n|poke|p1|Slowking, L50, M|\n|poke|p1|Flutter Mane, L50|\n|poke|p1|Arcanine, L50, F|\n|poke|p1|Avalugg, L50, F|\n|poke|p2|Ting-Lu, L50|\n|poke|p2|Wo-Chien, L50|\n|poke|p2|Gothitelle, L50, F|\n|poke|p2|Scream Tail, L50|\n|poke|p2|Glimmora, L50, F|\n|poke|p2|Flutter Mane, L50|\n|teampreview|4\n|inactive|Battle timer is ON: inactive players will automatically lose when time's up. (requested by nightamara)\nnightamara rejected open team sheets.\n|inactive|brody.etc has 60 seconds left.\n|\n|t:|1682918362\n|start\n|switch|p1a: Slowking|Slowking, L50, M|100\/100\n|switch|p1b: Noivern|Noivern, L50, F|100\/100\n|switch|p2a: Flutter Mane|Flutter Mane, L50|100\/100\n|switch|p2b: Ting-Lu|Ting-Lu, L50|100\/100\n|-ability|p2b: Ting-Lu|Vessel of Ruin\n|turn|1\n|\n|t:|1682918380\n|switch|p2b: Gothitelle|Gothitelle, L50, F|100\/100\n|move|p1b: Noivern|Tailwind|p1b: Noivern\n|-sidestart|p1: brody.etc|move: Tailwind\n|move|p2a: Flutter Mane|Perish Song|p2a: Flutter Mane\n|-start|p1a: Slowking|perish3|[silent]\n|-start|p1b: Noivern|perish3|[silent]\n|-start|p2a: Flutter Mane|perish3|[silent]\n|-start|p2b: Gothitelle|perish3|[silent]\n|-fieldactivate|move: Perish Song\n|move|p1a: Slowking|Chilly Reception|p1a: Slowking\n|-weather|Snow\n|c|\u2606nightamara|...\n|\n|t:|1682918397\n|switch|p1a: Froslass|Froslass, L50, F|100\/100|[from] Chilly Reception\n|\n|-weather|Snow|[upkeep]\n|-start|p1b: Noivern|perish3\n|-start|p2a: Flutter Mane|perish3\n|-start|p2b: Gothitelle|perish3\n|upkeep\n|turn|2\n|\n|t:|1682918416\n|-end|p2a: Flutter Mane|Protosynthesis|[silent]\n|switch|p2a: Ting-Lu|Ting-Lu, L50|100\/100\n|-ability|p2a: Ting-Lu|Vessel of Ruin\n|move|p2b: Gothitelle|Protect|p2b: Gothitelle\n|-singleturn|p2b: Gothitelle|Protect\n|move|p1b: Noivern|Boomburst|p2b: Gothitelle|[spread] p2a\n|-activate|p2b: Gothitelle|move: Protect\n|-immune|p1a: Froslass\n|-damage|p2a: Ting-Lu|87\/100\n|-enditem|p1b: Noivern|Throat Spray\n|-boost|p1b: Noivern|spa|1|[from] item: Throat Spray\n|move|p1a: Froslass|Blizzard|p2b: Gothitelle|[spread] p2a\n|-activate|p2b: Gothitelle|move: Protect\n|-supereffective|p2a: Ting-Lu\n|-damage|p2a: Ting-Lu|57\/100\n|-status|p2a: Ting-Lu|frz\n|\n|-weather|Snow|[upkeep]\n|-start|p1b: Noivern|perish2\n|-start|p2b: Gothitelle|perish2\n|upkeep\n|turn|3\n|inactive|brody.etc has 30 seconds left.\n|\n|t:|1682918449\n|move|p1b: Noivern|Air Slash|p2b: Gothitelle\n|-damage|p2b: Gothitelle|73\/100\n|move|p1a: Froslass|Blizzard|p2b: Gothitelle|[spread] p2a,p2b\n|-supereffective|p2a: Ting-Lu\n|-damage|p2a: Ting-Lu|28\/100 frz\n|-damage|p2b: Gothitelle|55\/100\n|-status|p2b: Gothitelle|frz\n|cant|p2b: Gothitelle|frz\n|cant|p2a: Ting-Lu|frz\n|\n|-weather|Snow|[upkeep]\n|-start|p1b: Noivern|perish1\n|-start|p2b: Gothitelle|perish1\n|upkeep\n|turn|4\n|\n|t:|1682918470\n|switch|p2b: Wo-Chien|Wo-Chien, L50|100\/100\n|-ability|p2b: Wo-Chien|Tablets of Ruin\n|-terastallize|p2a: Ting-Lu|Poison\n|move|p1b: Noivern|Boomburst|p2a: Ting-Lu|[spread] p2a,p2b\n|-immune|p1a: Froslass\n|-damage|p2a: Ting-Lu|9\/100 frz\n|-damage|p2b: Wo-Chien|76\/100\n|move|p1a: Froslass|Blizzard|p2b: Wo-Chien|[spread] p2a,p2b\n|-supereffective|p2b: Wo-Chien\n|-damage|p2a: Ting-Lu|0 fnt\n|-damage|p2b: Wo-Chien|35\/100\n|faint|p2a: Ting-Lu\n|\n|-weather|Snow|[upkeep]\n|-heal|p2b: Wo-Chien|42\/100|[from] item: Leftovers\n|-start|p1b: Noivern|perish0\n|-sideend|p1: brody.etc|move: Tailwind\n|upkeep\n|faint|p1b: Noivern\n|-message|nightamara forfeited.\n|\n|win|brody.etc\n|raw|brody.etc's rating: 1064 → 1104<\/strong> (+40 for winning)\n|raw|nightamara's rating: 1174 → 1141<\/strong> (-33 for losing)\n|c|\u2606brody.etc|trash\n|c|\u2606nightamara|what?\n|c|\u2606brody.etc|relying on gimmicks\n|c|\u2606nightamara|what is trash\n|c|\u2606brody.etc|still cant win\n|c|\u2606nightamara|wait wait\n|c|\u2606nightamara|ur team is shit\n|c|\u2606brody.etc|you were losing tho lol\n|c|\u2606nightamara|is that cuz play first time\n|c|\u2606brody.etc|and would have lost\n|c|\u2606nightamara|yep but in general im better\n|c|\u2606nightamara|every palafin team beat you\n|c|\u2606brody.etc|then whyd you lose\n|c|\u2606nightamara|and you had a lot of luck\n|c|\u2606brody.etc|then why do i beat palafin teams\n|c|\u2606nightamara|you are psycho\n|c|\u2606nightamara|you don't beat palafin teams\n|c|\u2606brody.etc|you lost and youre mad why?\n|c|\u2606brody.etc|just get better\n|c|\u2606nightamara|47.2%\n|c|\u2606brody.etc|or make a palafin team\n|c|\u2606nightamara|53.0%\n|c|\u2606nightamara|Im better\n|c|\u2606brody.etc|then whyd you lose\n|c|\u2606nightamara|I'm not lose\n|c|\u2606nightamara|I don't lose\n|c|\u2606brody.etc|if youre better whyd you lose\n|c|\u2606nightamara|it is g1\n|c|\u2606brody.etc|whyd you lose?\n|c|\u2606nightamara|in real game I will beat you in second and third game\n|c|\u2606nightamara|so I don't lose\n|c|\u2606brody.etc|then whyd you lose\n|c|\u2606brody.etc|making excuses lol\n|l|\u2606brody.etc\n|c|\u2606nightamara|cuz blizzard freeze my xD\n|c|\u2606nightamara|that is the reason\n","uploadtime":1682918486,"views":22,"p1id":"brodyetc","p2id":"nightamara","formatid":"gen9vgc2023regulationc","rating":1104,"private":0,"password":""}