{"id":"gen9vgc2023regulationc-1863986272","p1":"nickfang6","p2":"WorkerBeez14","format":"[Gen 9] VGC 2023 Regulation C","log":"|j|\u2606nickfang6\n|j|\u2606WorkerBeez14\n|t:|1684101571\n|gametype|doubles\n|player|p1|nickfang6|101|1506\n|player|p2|WorkerBeez14|will|1460\n|teamsize|p1|6\n|teamsize|p2|6\n|gen|9\n|tier|[Gen 9] VGC 2023 Regulation C\n|rated|\n|rule|Species Clause: Limit one of each Pok\u00e9mon\n|rule|Item Clause: Limit one of each item\n|clearpoke\n|poke|p1|Iron Bundle, L50|\n|poke|p1|Flutter Mane, L50|\n|poke|p1|Chien-Pao, L50|\n|poke|p1|Kingambit, L50, M|\n|poke|p1|Scizor, L50, F|\n|poke|p1|Great Tusk, L50|\n|poke|p2|Hatterene, L50, F|\n|poke|p2|Iron Hands, L50|\n|poke|p2|Clawitzer, L50, F|\n|poke|p2|Kingambit, L50, M|\n|poke|p2|Garganacl, L50, F|\n|poke|p2|Cyclizar, L50, F|\n|teampreview|4\n|inactive|Battle timer is ON: inactive players will automatically lose when time's up. (requested by nickfang6)\n|inactive|nickfang6 has 60 seconds left.\n|inactive|WorkerBeez14 has 60 seconds left.\n|\n|t:|1684101615\n|start\n|switch|p1a: Iron Bundle|Iron Bundle, L50|100\/100\n|switch|p1b: Flutter Mane|Flutter Mane, L50|100\/100\n|switch|p2a: Hatterene|Hatterene, L50, F|100\/100\n|switch|p2b: Iron Hands|Iron Hands, L50|100\/100\n|-enditem|p1a: Iron Bundle|Booster Energy\n|-activate|p1a: Iron Bundle|ability: Quark Drive|[fromitem]\n|-start|p1a: Iron Bundle|quarkdrivespe\n|turn|1\n|\n|t:|1684101632\n|-terastallize|p1b: Flutter Mane|Fairy\n|move|p2b: Iron Hands|Detect|p2b: Iron Hands\n|-singleturn|p2b: Iron Hands|Protect\n|move|p1a: Iron Bundle|Freeze-Dry|p2a: Hatterene\n|-damage|p2a: Hatterene|62\/100\n|move|p1b: Flutter Mane|Shadow Ball|p2a: Hatterene\n|-supereffective|p2a: Hatterene\n|-damage|p2a: Hatterene|0 fnt\n|faint|p2a: Hatterene\n|-damage|p1b: Flutter Mane|91\/100|[from] item: Life Orb\n|\n|upkeep\n|c|\u2606nickfang6|that miss a misclick\n|\n|t:|1684101644\n|switch|p2a: Kingambit|Kingambit, L50, M|100\/100\n|turn|2\n|c|\u2606nickfang6|was gonna tera ghost bundle\n|c|\u2606WorkerBeez14|lol\n|c|\u2606WorkerBeez14|I was wondering\n|inactive|nickfang6 has 30 seconds left.\n|inactive|WorkerBeez14 has 30 seconds left.\n|\n|t:|1684101676\n|-terastallize|p2b: Iron Hands|Grass\n|move|p1a: Iron Bundle|Freeze-Dry|p2b: Iron Hands\n|-supereffective|p2b: Iron Hands\n|-damage|p2b: Iron Hands|48\/100\n|move|p1b: Flutter Mane|Moonblast|p2b: Iron Hands\n|-damage|p2b: Iron Hands|0 fnt\n|faint|p2b: Iron Hands\n|-end|p2b: Iron Hands|Quark Drive|[silent]\n|-damage|p1b: Flutter Mane|81\/100|[from] item: Life Orb\n|move|p2a: Kingambit|Iron Head|p1b: Flutter Mane\n|-supereffective|p1b: Flutter Mane\n|-damage|p1b: Flutter Mane|0 fnt\n|faint|p1b: Flutter Mane\n|-end|p1b: Flutter Mane|Protosynthesis|[silent]\n|\n|upkeep\n|\n|t:|1684101688\n|switch|p1b: Great Tusk|Great Tusk, L50|100\/100\n|switch|p2b: Garganacl|Garganacl, L50, F|100\/100\n|turn|3\n|\n|t:|1684101697\n|move|p1a: Iron Bundle|Hydro Pump|p2b: Garganacl\n|-supereffective|p2b: Garganacl\n|-damage|p2b: Garganacl|31\/100\n|move|p1b: Great Tusk|Close Combat|p2a: Kingambit\n|-supereffective|p2a: Kingambit\n|-damage|p2a: Kingambit|0 fnt\n|-unboost|p1b: Great Tusk|def|1\n|-unboost|p1b: Great Tusk|spd|1\n|faint|p2a: Kingambit\n|move|p2b: Garganacl|Curse|p2b: Garganacl\n|-unboost|p2b: Garganacl|spe|1\n|-boost|p2b: Garganacl|atk|1\n|-boost|p2b: Garganacl|def|1\n|\n|-heal|p2b: Garganacl|37\/100|[from] item: Leftovers\n|upkeep\n|turn|4\n|-message|WorkerBeez14 forfeited.\n|\n|win|nickfang6\n|raw|nickfang6's rating: 1506 → 1523<\/strong> (+17 for winning)\n|raw|WorkerBeez14's rating: 1460 → 1443<\/strong> (-17 for losing)\n|l|\u2606WorkerBeez14\n","uploadtime":1684101712,"views":14,"p1id":"nickfang6","p2id":"workerbeez14","formatid":"gen9vgc2023regulationc","rating":1443,"private":0,"password":""}