{"id":"gen9vgc2023regulationc-1846919078","p1":"Athene_HF","p2":"Vall_NB","format":"[Gen 9] VGC 2023 Regulation C","log":"|j|\u2606Athene_HF\n|j|\u2606Vall_NB\n|t:|1681900914\n|gametype|doubles\n|player|p1|Athene_HF|beauty|\n|player|p2|Vall_NB|acetrainerf-gen4dp|\n|teamsize|p1|6\n|teamsize|p2|6\n|gen|9\n|tier|[Gen 9] VGC 2023 Regulation C\n|rule|Species Clause: Limit one of each Pok\u00e9mon\n|rule|Item Clause: Limit one of each item\n|clearpoke\n|poke|p1|Slaking, L50, M|\n|poke|p1|Grafaiai, L50, F|\n|poke|p1|Slither Wing, L50|\n|poke|p1|Gengar, L50, F|\n|poke|p1|Maushold, L50|\n|poke|p1|Dudunsparce-*, L50, M|\n|poke|p2|Volcarona, L50, M|\n|poke|p2|Florges-Blue, L50, F|\n|poke|p2|Blissey, L50, F|\n|poke|p2|Salamence, L50, M|\n|poke|p2|Gyarados, L50, M|\n|poke|p2|Scream Tail, L50|\n|teampreview|4\n|inactive|Battle timer is ON: inactive players will automatically lose when time's up. (requested by Vall_NB)\nVall_NB has agreed to open team sheets.\nAthene_HF has agreed to open team sheets.\n|inactive|Vall_NB has 60 seconds left.\n|inactive|Vall_NB has 30 seconds left.\n|\n|t:|1681900984\n|start\n|switch|p1a: Maushold|Maushold, L50|100\/100\n|switch|p1b: Dudunsparce|Dudunsparce, L50, M|100\/100\n|switch|p2a: Salamence|Salamence, L50, M|100\/100\n|switch|p2b: Volcarona|Volcarona, L50, M|100\/100\n|-ability|p2a: Salamence|Intimidate|boost\n|-unboost|p1a: Maushold|atk|1\n|-unboost|p1b: Dudunsparce|atk|1\n|-ability|p1b: Dudunsparce|Rattled|boost\n|-boost|p1b: Dudunsparce|spe|1\n|turn|1\n|\n|t:|1681901002\n|-terastallize|p1b: Dudunsparce|Psychic\n|move|p2b: Volcarona|Rage Powder|p2b: Volcarona\n|-singleturn|p2b: Volcarona|move: Rage Powder\n|move|p1a: Maushold|Beat Up|p2b: Volcarona\n|-damage|p2b: Volcarona|98\/100\n|-damage|p2b: Volcarona|96\/100\n|-damage|p2b: Volcarona|93\/100\n|-damage|p2b: Volcarona|91\/100\n|-hitcount|p2b: Volcarona|4\n|move|p1b: Dudunsparce|Stored Power|p2b: Volcarona\n|-damage|p2b: Volcarona|73\/100\n|move|p2a: Salamence|Dual Wingbeat|p1a: Maushold\n|-damage|p1a: Maushold|66\/100\n|-damage|p1a: Maushold|29\/100\n|-hitcount|p1a: Maushold|2\n|\n|upkeep\n|turn|2\n|inactive|Athene_HF has 30 seconds left.\n|inactive|Vall_NB has 30 seconds left.\n|inactiveoff|Battle timer is now OFF.\n|c|\u2606Athene_HF|Dear lord I am not playing well\n|\n|t:|1681901056\n|move|p1a: Maushold|Follow Me|p1a: Maushold\n|-singleturn|p1a: Maushold|move: Follow Me\n|move|p1b: Dudunsparce|Boomburst|p2b: Volcarona|[spread] p1a,p2a,p2b\n|-crit|p2b: Volcarona\n|-damage|p1a: Maushold|0 fnt\n|-damage|p2a: Salamence|58\/100\n|-damage|p2b: Volcarona|32\/100\n|faint|p1a: Maushold\n|move|p2a: Salamence|Tailwind|p2a: Salamence\n|-sidestart|p2: Vall_NB|move: Tailwind\n|move|p2b: Volcarona|Fiery Dance|p1b: Dudunsparce\n|-damage|p1b: Dudunsparce|68\/100\n|\n|upkeep\n|\n|t:|1681901070\n|switch|p1a: Slither Wing|Slither Wing, L50|100\/100\n|-enditem|p1a: Slither Wing|Booster Energy\n|-activate|p1a: Slither Wing|ability: Protosynthesis|[fromitem]\n|-start|p1a: Slither Wing|protosynthesisspd\n|turn|3\n|\n|t:|1681901107\n|move|p2a: Salamence|Dual Wingbeat|p1a: Slither Wing\n|-supereffective|p1a: Slither Wing\n|-damage|p1a: Slither Wing|7\/100\n|-supereffective|p1a: Slither Wing\n|-damage|p1a: Slither Wing|0 fnt\n|faint|p1a: Slither Wing\n|-end|p1a: Slither Wing|Protosynthesis|[silent]\n|-hitcount|p1: Slither Wing|2\n|move|p2b: Volcarona|Fiery Dance|p1b: Dudunsparce\n|-damage|p1b: Dudunsparce|32\/100\n|-boost|p2b: Volcarona|spa|1\n|move|p1b: Dudunsparce|Boomburst|p2b: Volcarona|[spread] p2a,p2b\n|-damage|p2a: Salamence|15\/100\n|-damage|p2b: Volcarona|6\/100\n|-enditem|p2a: Salamence|Aguav Berry|[eat]\n|-heal|p2a: Salamence|48\/100|[from] item: Aguav Berry\n|\n|upkeep\n|\n|t:|1681901114\n|switch|p1a: Gengar|Gengar, L50, F|100\/100\n|turn|4\n|\n|t:|1681901130\n|move|p2a: Salamence|Outrage|p1a: Gengar\n|-damage|p1a: Gengar|0 fnt\n|-start|p2a: Salamence|Disable|Outrage|[from] ability: Cursed Body|[of] p1a: Gengar\n|faint|p1a: Gengar\n|move|p2b: Volcarona|Fiery Dance|p1b: Dudunsparce\n|-damage|p1b: Dudunsparce|0 fnt\n|-boost|p2b: Volcarona|spa|1\n|faint|p1b: Dudunsparce\n|\n|win|Vall_NB\n|c|\u2606Athene_HF|gg\n|c|\u2606Vall_NB|gg\n","uploadtime":1681901142,"views":17,"p1id":"athenehf","p2id":"vallnb","formatid":"gen9vgc2023regulationc","rating":0,"private":0,"password":""}