{"id":"gen9vgc2023regulationc-1864261637","p1":"robbbo","p2":"MegaFissure","format":"[Gen 9] VGC 2023 Regulation C","log":"|j|\u2606robbbo\n|j|\u2606MegaFissure\n|t:|1684146547\n|gametype|doubles\n|player|p1|robbbo|skyla|1409\n|player|p2|MegaFissure|caitlin|1371\n|teamsize|p1|6\n|teamsize|p2|6\n|gen|9\n|tier|[Gen 9] VGC 2023 Regulation C\n|rated|\n|rule|Species Clause: Limit one of each Pok\u00e9mon\n|rule|Item Clause: Limit one of each item\n|clearpoke\n|poke|p1|Orthworm, L50, M|\n|poke|p1|Ting-Lu, L50|\n|poke|p1|Arcanine, L50, F|\n|poke|p1|Bronzong, L50|\n|poke|p1|Torkoal, L50, F|\n|poke|p1|Iron Hands, L50|\n|poke|p2|Annihilape, L50, M|\n|poke|p2|Maushold, L50|\n|poke|p2|Volcarona, L50, M|\n|poke|p2|Flutter Mane, L50|\n|poke|p2|Gastrodon-East, L50, F|\n|poke|p2|Chien-Pao, L50|\n|teampreview|4\n|inactive|Battle timer is ON: inactive players will automatically lose when time's up. (requested by robbbo)\n|inactive|MegaFissure has 60 seconds left.\n|\n|t:|1684146587\n|start\n|switch|p1a: Bronzong|Bronzong, L50|100\/100\n|switch|p1b: Iron Hands|Iron Hands, L50|100\/100\n|switch|p2a: Maushold|Maushold, L50|100\/100\n|switch|p2b: Annihilape|Annihilape, L50, M|100\/100\n|turn|1\n|\n|t:|1684146601\n|move|p2a: Maushold|Protect|p2a: Maushold\n|-singleturn|p2a: Maushold|Protect\n|move|p1b: Iron Hands|Fake Out|p2a: Maushold\n|-activate|p2a: Maushold|move: Protect\n|move|p2b: Annihilape|Bulk Up|p2b: Annihilape\n|-boost|p2b: Annihilape|atk|1\n|-boost|p2b: Annihilape|def|1\n|move|p1a: Bronzong|Trick Room|p1a: Bronzong\n|-fieldstart|move: Trick Room|[of] p1a: Bronzong\n|\n|upkeep\n|turn|2\n|\n|t:|1684146623\n|switch|p2a: Gastrodon|Gastrodon-East, L50, F|100\/100\n|move|p1a: Bronzong|Gyro Ball|p2a: Gastrodon\n|-resisted|p2a: Gastrodon\n|-damage|p2a: Gastrodon|99\/100\n|move|p1b: Iron Hands|Volt Switch|p2a: Gastrodon\n|-immune|p2a: Gastrodon\n|move|p2b: Annihilape|Rage Fist|p1a: Bronzong\n|-supereffective|p1a: Bronzong\n|-damage|p1a: Bronzong|45\/100\n|\n|upkeep\n|turn|3\n|inactive|robbbo has 30 seconds left.\n|\n|t:|1684146655\n|switch|p1a: Torkoal|Torkoal, L50, F|100\/100\n|-weather|SunnyDay|[from] ability: Drought|[of] p1a: Torkoal\n|-end|p1b: Iron Hands|Quark Drive|[silent]\n|switch|p1b: Ting-Lu|Ting-Lu, L50|100\/100\n|-ability|p1b: Ting-Lu|Vessel of Ruin\n|move|p2a: Gastrodon|Muddy Water|p1a: Torkoal|[spread] p1a,p1b\n|-supereffective|p1a: Torkoal\n|-supereffective|p1b: Ting-Lu\n|-damage|p1a: Torkoal|78\/100\n|-damage|p1b: Ting-Lu|88\/100\n|-unboost|p1a: Torkoal|accuracy|1\n|move|p2b: Annihilape|Rage Fist|p1a: Torkoal\n|-crit|p1a: Torkoal\n|-damage|p1a: Torkoal|37\/100\n|\n|-weather|SunnyDay|[upkeep]\n|upkeep\n|turn|4\n|\n|t:|1684146678\n|move|p2a: Gastrodon|Earth Power|p1a: Torkoal\n|-supereffective|p1a: Torkoal\n|-damage|p1a: Torkoal|0 fnt\n|faint|p1a: Torkoal\n|move|p1b: Ting-Lu|Rock Slide|p2a: Gastrodon|[spread] p2a,p2b\n|-resisted|p2a: Gastrodon\n|-resisted|p2b: Annihilape\n|-damage|p2a: Gastrodon|85\/100\n|-damage|p2b: Annihilape|92\/100\n|move|p2b: Annihilape|Drain Punch|p1b: Ting-Lu\n|-supereffective|p1b: Ting-Lu\n|-damage|p1b: Ting-Lu|33\/100\n|-heal|p2b: Annihilape|100\/100|[from] drain|[of] p1b: Ting-Lu\n|\n|-weather|SunnyDay|[upkeep]\n|upkeep\n|-message|robbbo forfeited.\n|\n|win|MegaFissure\n|raw|robbbo's rating: 1409 → 1387<\/strong> (-22 for losing)\n|raw|MegaFissure's rating: 1371 → 1393<\/strong> (+22 for winning)\n|l|\u2606robbbo\n","uploadtime":1684146709,"views":18,"p1id":"robbbo","p2id":"megafissure","formatid":"gen9vgc2023regulationc","rating":1387,"private":0,"password":""}