{"id":"gen9vgc2023regulationc-1859883135","p1":"brent0n___","p2":"piratekingbenis97","format":"[Gen 9] VGC 2023 Regulation C","log":"|j|\u2606brent0n___\n|j|\u2606piratekingbenis97\n|t:|1683572547\n|gametype|doubles\n|player|p1|brent0n___|169|1067\n|player|p2|piratekingbenis97|waiter-gen4dp|1000\n|teamsize|p1|6\n|teamsize|p2|6\n|gen|9\n|tier|[Gen 9] VGC 2023 Regulation C\n|rated|\n|rule|Species Clause: Limit one of each Pok\u00e9mon\n|rule|Item Clause: Limit one of each item\n|clearpoke\n|poke|p1|Palafin, L50, F|\n|poke|p1|Flutter Mane, L50|\n|poke|p1|Arcanine, L50, F|\n|poke|p1|Amoonguss, L50, F|\n|poke|p1|Ting-Lu, L50|\n|poke|p1|Roaring Moon, L50|\n|poke|p2|Flutter Mane, L50|\n|poke|p2|Wo-Chien, L50|\n|poke|p2|Torkoal, L50, M|\n|poke|p2|Jumpluff, L50, F|\n|poke|p2|Roaring Moon, L50|\n|poke|p2|Chi-Yu, L50|\n|teampreview|4\n|inactive|Battle timer is ON: inactive players will automatically lose when time's up. (requested by brent0n___)\n|\n|t:|1683572610\n|start\n|switch|p1a: Flutter Mane|Flutter Mane, L50|100\/100\n|switch|p1b: Arcanine|Arcanine, L50, F|100\/100\n|switch|p2a: Roaring Moon|Roaring Moon, L50|100\/100\n|switch|p2b: Jumpluff|Jumpluff, L50, F, shiny|100\/100\n|-ability|p1b: Arcanine|Intimidate|boost\n|-unboost|p2a: Roaring Moon|atk|1\n|-unboost|p2b: Jumpluff|atk|1\n|turn|1\n|inactive|brent0n___ has 30 seconds left.\n|inactive|piratekingbenis97 has 30 seconds left.\n|\n|t:|1683572640\n|-terastallize|p1a: Flutter Mane|Steel\n|-terastallize|p2a: Roaring Moon|Ground\n|move|p1a: Flutter Mane|Dazzling Gleam|p2a: Roaring Moon|[spread] p2a,p2b\n|-damage|p2a: Roaring Moon|59\/100\n|-damage|p2b: Jumpluff|49\/100\n|move|p2b: Jumpluff|Absorb|p2a: Roaring Moon\n|-supereffective|p2a: Roaring Moon\n|-damage|p2a: Roaring Moon|50\/100\n|-heal|p2b: Jumpluff|54\/100|[from] drain|[of] p2a: Roaring Moon\n|-enditem|p2a: Roaring Moon|Weakness Policy\n|-boost|p2a: Roaring Moon|atk|2|[from] item: Weakness Policy\n|-boost|p2a: Roaring Moon|spa|2|[from] item: Weakness Policy\n|move|p2a: Roaring Moon|Earthquake|p1b: Arcanine|[spread] p1a,p1b\n|-immune|p2b: Jumpluff\n|-supereffective|p1a: Flutter Mane\n|-supereffective|p1b: Arcanine\n|-damage|p1a: Flutter Mane|0 fnt\n|-damage|p1b: Arcanine|0 fnt\n|faint|p1a: Flutter Mane\n|-end|p1a: Flutter Mane|Protosynthesis|[silent]\n|faint|p1b: Arcanine\n|\n|upkeep\n|-message|brent0n___ forfeited.\n|\n|win|piratekingbenis97\n|raw|brent0n___'s rating: 1067 → 1043<\/strong> (-24 for losing)\n|raw|piratekingbenis97's rating: 1000 → 1048<\/strong> (+48 for winning)\n|l|\u2606brent0n___\n|c|\u2606piratekingbenis97|lol\n","uploadtime":1683572670,"views":11,"p1id":"brent0n","p2id":"piratekingbenis97","formatid":"gen9vgc2023regulationc","rating":1043,"private":0,"password":""}