{"id":"gen9vgc2023regulationc-1862384653","p1":"SBkZZ","p2":"eggplanet07","format":"[Gen 9] VGC 2023 Regulation C","log":"|j|\u2606SBkZZ\n|j|\u2606eggplanet07\n|t:|1683877100\n|gametype|doubles\n|player|p1|SBkZZ|unknown|1252\n|player|p2|eggplanet07|roxie|1334\n|teamsize|p1|6\n|teamsize|p2|6\n|gen|9\n|tier|[Gen 9] VGC 2023 Regulation C\n|rated|\n|rule|Species Clause: Limit one of each Pok\u00e9mon\n|rule|Item Clause: Limit one of each item\n|clearpoke\n|poke|p1|Maushold, L50|\n|poke|p1|Annihilape, L50, F|\n|poke|p1|Slaking, L50, M|\n|poke|p1|Grafaiai, L50, F|\n|poke|p1|Dondozo, L50, M|\n|poke|p1|Tatsugiri-Droopy, L50, M|\n|poke|p2|Tatsugiri-Stretchy, L50, F|\n|poke|p2|Chi-Yu, L50|\n|poke|p2|Dondozo, L50, M|\n|poke|p2|Dragonite, L50, F|\n|poke|p2|Volcarona, L50, F|\n|poke|p2|Glimmora, L50, M|\n|teampreview|4\n|inactive|Battle timer is ON: inactive players will automatically lose when time's up. (requested by eggplanet07)\n|inactive|SBkZZ also wants the timer to be on.\n|inactive|SBkZZ has 60 seconds left.\n|inactive|eggplanet07 has 60 seconds left.\n|inactive|SBkZZ has 30 seconds left.\n|inactive|SBkZZ has 20 seconds left.\n|inactive|SBkZZ has 15 seconds left.\n|inactive|SBkZZ has 10 seconds left.\n|inactive|SBkZZ has 5 seconds left.\n|\n|t:|1683877191\n|start\n|switch|p1a: Maushold|Maushold, L50|100\/100\n|switch|p1b: Annihilape|Annihilape, L50, F|100\/100\n|switch|p2a: Glimmora|Glimmora, L50, M|100\/100\n|switch|p2b: Chi-Yu|Chi-Yu, L50|100\/100\n|-ability|p2b: Chi-Yu|Beads of Ruin\n|turn|1\n|inactive|SBkZZ has 30 seconds left.\n|\n|t:|1683877220\n|-terastallize|p1b: Annihilape|Water\n|move|p1a: Maushold|Beat Up|p1b: Annihilape\n|-damage|p1b: Annihilape|99\/100\n|-damage|p1b: Annihilape|96\/100\n|-damage|p1b: Annihilape|94\/100\n|-damage|p1b: Annihilape|92\/100\n|-hitcount|p1b: Annihilape|4\n|move|p2b: Chi-Yu|Heat Wave|p1a: Maushold|[spread] p1a\n|-miss|p2b: Chi-Yu|p1b: Annihilape\n|-crit|p1a: Maushold\n|-damage|p1a: Maushold|0 fnt\n|faint|p1a: Maushold\n|move|p2a: Glimmora|Mortal Spin|p1b: Annihilape\n|-damage|p1b: Annihilape|86\/100\n|-status|p1b: Annihilape|psn\n|move|p1b: Annihilape|Bulk Up|p1b: Annihilape\n|-boost|p1b: Annihilape|atk|1\n|-boost|p1b: Annihilape|def|1\n|\n|-damage|p1b: Annihilape|74\/100 psn|[from] psn\n|upkeep\n|\n|t:|1683877235\n|switch|p1a: Slaking|Slaking, L50, M|100\/100\n|turn|2\n|\n|t:|1683877248\n|-terastallize|p2b: Chi-Yu|Grass\n|move|p2b: Chi-Yu|Tera Blast|p1b: Annihilape\n|-supereffective|p1b: Annihilape\n|-damage|p1b: Annihilape|0 fnt\n|faint|p1b: Annihilape\n|move|p2a: Glimmora|Mortal Spin|p1a: Slaking\n|-damage|p1a: Slaking|96\/100\n|-status|p1a: Slaking|psn\n|move|p1a: Slaking|Rock Slide|p2a: Glimmora|[spread] \n|-miss|p1a: Slaking|p2a: Glimmora\n|-miss|p1a: Slaking|p2b: Chi-Yu\n|\n|-damage|p1a: Slaking|84\/100 psn|[from] psn\n|upkeep\n|\n|t:|1683877262\n|switch|p1b: Grafaiai|Grafaiai, L50, F|100\/100\n|turn|3\n|inactive|eggplanet07 has 30 seconds left.\n|l|\u2606eggplanet07\n|inactive|eggplanet07 disconnected and has a minute to reconnect!\n|player|p2|\n|inactive|eggplanet07 has 20 seconds left.\n|inactive|eggplanet07 has 15 seconds left.\n|j|\u2606eggplanet07\n|inactive|eggplanet07 reconnected and has 15 seconds left.\n|player|p2|eggplanet07|roxie\n|inactive|eggplanet07 has 10 seconds left.\n|inactive|eggplanet07 has 5 seconds left.\n|\n|t:|1683877313\n|move|p1b: Grafaiai|Doodle|p2b: Chi-Yu\n|-endability|p1a: Slaking|Truant|[from] move: Doodle\n|-ability|p1a: Slaking|Beads of Ruin\n|-ability|p1a: Slaking|Beads of Ruin|[from] move: Doodle\n|-endability|p1b: Grafaiai|Prankster|[from] move: Doodle\n|-ability|p1b: Grafaiai|Beads of Ruin\n|-ability|p1b: Grafaiai|Beads of Ruin|[from] move: Doodle\n|move|p1a: Slaking|Sucker Punch|p2b: Chi-Yu\n|-damage|p2b: Chi-Yu|49\/100\n|move|p2b: Chi-Yu|Heat Wave|p1b: Grafaiai|[spread] p1a,p1b\n|-damage|p1a: Slaking|50\/100 psn\n|-damage|p1b: Grafaiai|42\/100\n|-enditem|p1b: Grafaiai|Red Card|[of] p2b: Chi-Yu\n|drag|p2b: Tatsugiri|Tatsugiri-Stretchy, L50, F|100\/100\n|move|p2a: Glimmora|Venoshock|p1a: Slaking\n|-damage|p1a: Slaking|7\/100 psn\n|\n|-damage|p1a: Slaking|0 fnt|[from] psn\n|faint|p1a: Slaking\n|upkeep\n|turn|4\n|-message|SBkZZ forfeited.\n|\n|win|eggplanet07\n|raw|SBkZZ's rating: 1252 → 1233<\/strong> (-19 for losing)\n|raw|eggplanet07's rating: 1334 → 1349<\/strong> (+15 for winning)\n|l|\u2606SBkZZ\n","uploadtime":1683877341,"views":8,"p1id":"sbkzz","p2id":"eggplanet07","formatid":"gen9vgc2023regulationc","rating":1233,"private":0,"password":""}