{"id":"gen9vgc2023regulationc-1863508245","p1":"Antonimo17","p2":"adpg.2007","format":"[Gen 9] VGC 2023 Regulation C","log":"|j|\u2606Antonimo17\n|j|\u2606adpg.2007\n|t:|1684026993\n|gametype|doubles\n|player|p1|Antonimo17|hilbert|\n|player|p2|adpg.2007|hilbert-wonderlauncher|\n|teamsize|p1|6\n|teamsize|p2|6\n|gen|9\n|tier|[Gen 9] VGC 2023 Regulation C\n|rule|Species Clause: Limit one of each Pok\u00e9mon\n|rule|Item Clause: Limit one of each item\n|clearpoke\n|poke|p1|Torkoal, L50, M|\n|poke|p1|Chi-Yu, L50|\n|poke|p1|Dachsbun, L50, F|\n|poke|p1|Iron Hands, L50|\n|poke|p1|Gastrodon-East, L50, F|\n|poke|p1|Chien-Pao, L50|\n|poke|p2|Dragapult, L50, M|\n|poke|p2|Armarouge, L50, F|\n|poke|p2|Iron Bundle, L50|\n|poke|p2|Indeedee-F, L50, F|\n|poke|p2|Chien-Pao, L50|\n|poke|p2|Chi-Yu, L50|\n|teampreview|4\n|\n|t:|1684027039\n|start\n|switch|p1a: Iron Hands|Iron Hands, L50|100\/100\n|switch|p1b: Torkoal|Torkoal, L50, M|100\/100\n|switch|p2a: Indeedee|Indeedee-F, L50, F|100\/100\n|switch|p2b: Armarouge|Armarouge, L50, F|100\/100\n|-fieldstart|move: Psychic Terrain|[from] ability: Psychic Surge|[of] p2a: Indeedee\n|-enditem|p2a: Indeedee|Psychic Seed\n|-boost|p2a: Indeedee|spd|1|[from] item: Psychic Seed\n|-weather|SunnyDay|[from] ability: Drought|[of] p1b: Torkoal\n|turn|1\n|\n|t:|1684027074\n|switch|p1b: Chien-Pao|Chien-Pao, L50|100\/100\n|-ability|p1b: Chien-Pao|Sword of Ruin\n|-terastallize|p2b: Armarouge|Psychic\n|-terastallize|p1a: Iron Hands|Grass\n|move|p2b: Armarouge|Expanding Force|p1b: Chien-Pao|[spread] p1a\n|-immune|p1b: Chien-Pao\n|-damage|p1a: Iron Hands|44\/100\n|move|p1a: Iron Hands|Wild Charge|p2b: Armarouge\n|-damage|p2b: Armarouge|37\/100\n|-damage|p1a: Iron Hands|32\/100|[from] Recoil\n|move|p2a: Indeedee|Trick Room|p2a: Indeedee\n|-fieldstart|move: Trick Room|[of] p2a: Indeedee\n|\n|-weather|SunnyDay|[upkeep]\n|upkeep\n|turn|2\n|\n|t:|1684027128\n|move|p1a: Iron Hands|Volt Switch|p2b: Armarouge\n|-damage|p2b: Armarouge|23\/100\n|\n|t:|1684027134\n|-end|p1a: Iron Hands|Quark Drive|[silent]\n|switch|p1a: Dachsbun|Dachsbun, L50, F, shiny|100\/100|[from] Volt Switch\n|move|p2b: Armarouge|Heat Wave|p1b: Chien-Pao|[spread] p1b\n|-ability|p1a: Dachsbun|Well-Baked Body|boost\n|-boost|p1a: Dachsbun|def|2\n|-supereffective|p1b: Chien-Pao\n|-damage|p1b: Chien-Pao|0 fnt\n|faint|p1b: Chien-Pao\n|move|p2a: Indeedee|Psychic|p1a: Dachsbun\n|-damage|p1a: Dachsbun|46\/100\n|\n|-weather|SunnyDay|[upkeep]\n|upkeep\n|\n|t:|1684027144\n|switch|p1b: Torkoal|Torkoal, L50, M|100\/100\n|turn|3\n|\n|t:|1684027155\n|move|p2a: Indeedee|Helping Hand|p2b: Armarouge\n|-singleturn|p2b: Armarouge|Helping Hand|[of] p2a: Indeedee\n|move|p1a: Dachsbun|Protect|p1a: Dachsbun\n|-singleturn|p1a: Dachsbun|Protect\n|move|p1b: Torkoal|Earth Power|p2b: Armarouge\n|-damage|p2b: Armarouge|3\/100\n|move|p2b: Armarouge|Expanding Force|p1a: Dachsbun|[spread] p1b\n|-activate|p1a: Dachsbun|move: Protect\n|-damage|p1b: Torkoal|0 fnt\n|faint|p1b: Torkoal\n|\n|-weather|SunnyDay|[upkeep]\n|upkeep\n|\n|t:|1684027166\n|switch|p1b: Iron Hands|Iron Hands, L50, tera:Grass|32\/100\n|turn|4\n|-message|Antonimo17 forfeited.\n|\n|win|adpg.2007\n|l|\u2606Antonimo17\n","uploadtime":1684027543,"views":8,"p1id":"antonimo17","p2id":"adpg2007","formatid":"gen9vgc2023regulationc","rating":0,"private":0,"password":""}