{"id":"gen9vgc2023regulationc-1862262940","p1":"stack of pancake","p2":"dunvrgazo","format":"[Gen 9] VGC 2023 Regulation C","log":"|j|\u2606stack of pancake\n|j|\u2606dunvrgazo\n|t:|1683856725\n|gametype|doubles\n|player|p1|stack of pancake|steven|1344\n|player|p2|dunvrgazo|n|1375\n|teamsize|p1|6\n|teamsize|p2|6\n|gen|9\n|tier|[Gen 9] VGC 2023 Regulation C\n|rated|\n|rule|Species Clause: Limit one of each Pok\u00e9mon\n|rule|Item Clause: Limit one of each item\n|clearpoke\n|poke|p1|Murkrow, L50, M|\n|poke|p1|Flutter Mane, L50|\n|poke|p1|Great Tusk, L50|\n|poke|p1|Amoonguss, L50, F|\n|poke|p1|Dragonite, L50, F|\n|poke|p1|Chien-Pao, L50|\n|poke|p2|Pincurchin, L50, M|\n|poke|p2|Iron Thorns, L50|\n|poke|p2|Torkoal, L50, F|\n|poke|p2|Flutter Mane, L50|\n|poke|p2|Talonflame, L50, F|\n|poke|p2|Gholdengo, L50|\n|teampreview|4\nstack of pancake has agreed to open team sheets.\n|\n|t:|1683856802\n|start\n|switch|p1a: Great Tusk|Great Tusk, L50|100\/100\n|switch|p1b: Chien-Pao|Chien-Pao, L50|100\/100\n|switch|p2a: Flutter Mane|Flutter Mane, L50|100\/100\n|switch|p2b: Iron Thorns|Iron Thorns, L50|100\/100\n|-ability|p1b: Chien-Pao|Sword of Ruin\n|turn|1\n|inactive|Battle timer is ON: inactive players will automatically lose when time's up. (requested by dunvrgazo)\n|inactive|stack of pancake has 60 seconds left.\n|inactive|dunvrgazo has 60 seconds left.\n|\n|t:|1683856840\n|-terastallize|p1b: Chien-Pao|Flying\n|-terastallize|p2b: Iron Thorns|Grass\n|move|p1a: Great Tusk|Earthquake|p2a: Flutter Mane|[spread] p2a,p2b\n|-immune|p1b: Chien-Pao\n|-resisted|p2b: Iron Thorns\n|-damage|p2a: Flutter Mane|9\/100\n|-damage|p2b: Iron Thorns|75\/100\n|-enditem|p2a: Flutter Mane|Sitrus Berry|[eat]\n|-heal|p2a: Flutter Mane|34\/100|[from] item: Sitrus Berry\n|move|p1b: Chien-Pao|Ice Spinner|p2a: Flutter Mane\n|-damage|p2a: Flutter Mane|0 fnt\n|faint|p2a: Flutter Mane\n|-end|p2a: Flutter Mane|Protosynthesis|[silent]\n|-damage|p1b: Chien-Pao|91\/100|[from] item: Life Orb\n|move|p2b: Iron Thorns|Rock Slide|p1a: Great Tusk|[spread] p1a,p1b\n|-resisted|p1a: Great Tusk\n|-supereffective|p1b: Chien-Pao\n|-damage|p1a: Great Tusk|88\/100\n|-damage|p1b: Chien-Pao|0 fnt\n|faint|p1b: Chien-Pao\n|\n|upkeep\n|inactive|stack of pancake has 30 seconds left.\n|\n|t:|1683856867\n|switch|p1b: Dragonite|Dragonite, L50, F|100\/100\n|switch|p2a: Talonflame|Talonflame, L50, F|100\/100\n|turn|2\n|\n|t:|1683856885\n|-end|p1a: Great Tusk|Protosynthesis|[silent]\n|switch|p1a: Flutter Mane|Flutter Mane, L50|100\/100\n|move|p2a: Talonflame|Will-O-Wisp|p1a: Flutter Mane\n|-status|p1a: Flutter Mane|brn\n|move|p1b: Dragonite|Aerial Ace|p2b: Iron Thorns\n|-supereffective|p2b: Iron Thorns\n|-damage|p2b: Iron Thorns|0 fnt\n|faint|p2b: Iron Thorns\n|-end|p2b: Iron Thorns|Quark Drive|[silent]\n|\n|-damage|p1a: Flutter Mane|94\/100 brn|[from] brn\n|upkeep\n|-message|dunvrgazo forfeited.\n|\n|win|stack of pancake\n|raw|stack of pancake's rating: 1344 → 1366<\/strong> (+22 for winning)\n|raw|dunvrgazo's rating: 1375 → 1353<\/strong> (-22 for losing)\n|l|\u2606dunvrgazo\n","uploadtime":1683856904,"views":16,"p1id":"stackofpancake","p2id":"dunvrgazo","formatid":"gen9vgc2023regulationc","rating":1353,"private":0,"password":""}