{"id":"gen9vgc2023regulationc-1851506012","p1":"Krib_Underscore","p2":"CrustyTheCatgirl","format":"[Gen 9] VGC 2023 Regulation C","log":"|j|\u2606Krib_Underscore\n|j|\u2606CrustyTheCatgirl\n|t:|1682450823\n|gametype|doubles\n|player|p1|Krib_Underscore|benga|1141\n|player|p2|CrustyTheCatgirl|caitlin|1050\n|teamsize|p1|6\n|teamsize|p2|6\n|gen|9\n|tier|[Gen 9] VGC 2023 Regulation C\n|rated|\n|rule|Species Clause: Limit one of each Pok\u00e9mon\n|rule|Item Clause: Limit one of each item\n|clearpoke\n|poke|p1|Armarouge, L50, M|\n|poke|p1|Indeedee-F, L50, F|\n|poke|p1|Great Tusk, L50|\n|poke|p1|Corviknight, L50, M|\n|poke|p1|Iron Bundle, L50|\n|poke|p1|Roaring Moon, L50|\n|poke|p2|Tatsugiri, L50, F|\n|poke|p2|Dondozo, L50, M|\n|poke|p2|Annihilape, L50, F|\n|poke|p2|Cloyster, L50, F|\n|poke|p2|Clodsire, L50, M|\n|poke|p2|Oranguru, L50, F|\n|teampreview|4\n|inactive|Battle timer is ON: inactive players will automatically lose when time's up. (requested by CrustyTheCatgirl)\n|\n|t:|1682450839\n|start\n|switch|p1a: HoHoHomicide|Iron Bundle, L50|100\/100\n|switch|p1b: Knockoff Mega|Roaring Moon, L50|100\/100\n|switch|p2a: monkrustle|Oranguru, L50, F|100\/100\n|switch|p2b: CLOYSTER DIFF|Cloyster, L50, F|100\/100\n|-enditem|p1b: Knockoff Mega|Booster Energy\n|-activate|p1b: Knockoff Mega|ability: Protosynthesis|[fromitem]\n|-start|p1b: Knockoff Mega|protosynthesisatk\n|turn|1\n|inactive|CrustyTheCatgirl has 30 seconds left.\n|\n|t:|1682450864\n|move|p1a: HoHoHomicide|Freeze-Dry|p2b: CLOYSTER DIFF\n|-damage|p2b: CLOYSTER DIFF|7\/100\n|move|p1b: Knockoff Mega|Throat Chop|p2a: monkrustle\n|-supereffective|p2a: monkrustle\n|-enditem|p2a: monkrustle|Focus Sash\n|-damage|p2a: monkrustle|1\/100\n|-start|p2a: monkrustle|Throat Chop|[silent]\n|move|p2b: CLOYSTER DIFF|Icicle Spear|p1b: Knockoff Mega\n|-supereffective|p1b: Knockoff Mega\n|-damage|p1b: Knockoff Mega|69\/100\n|-supereffective|p1b: Knockoff Mega\n|-damage|p1b: Knockoff Mega|36\/100\n|-supereffective|p1b: Knockoff Mega\n|-damage|p1b: Knockoff Mega|2\/100\n|-supereffective|p1b: Knockoff Mega\n|-damage|p1b: Knockoff Mega|0 fnt\n|faint|p1b: Knockoff Mega\n|-end|p1b: Knockoff Mega|Protosynthesis|[silent]\n|-hitcount|p1: Knockoff Mega|4\n|move|p2a: monkrustle|Instruct|p2b: CLOYSTER DIFF\n|-singleturn|p2b: CLOYSTER DIFF|move: Instruct|[of] p2a: monkrustle\n|move|p2b: CLOYSTER DIFF|Icicle Spear|p1a: HoHoHomicide\n|-resisted|p1a: HoHoHomicide\n|-damage|p1a: HoHoHomicide|97\/100\n|-resisted|p1a: HoHoHomicide\n|-damage|p1a: HoHoHomicide|94\/100\n|-resisted|p1a: HoHoHomicide\n|-damage|p1a: HoHoHomicide|91\/100\n|-resisted|p1a: HoHoHomicide\n|-damage|p1a: HoHoHomicide|88\/100\n|-resisted|p1a: HoHoHomicide\n|-damage|p1a: HoHoHomicide|85\/100\n|-hitcount|p1a: HoHoHomicide|5\n|\n|upkeep\n|\n|t:|1682450885\n|switch|p1b: Taxi Service|Corviknight, L50, M, shiny|100\/100\n|turn|2\n|inactive|CrustyTheCatgirl has 30 seconds left.\n|\n|t:|1682450917\n|move|p1a: HoHoHomicide|Icy Wind|p2a: monkrustle|[spread] p2a,p2b\n|-resisted|p2b: CLOYSTER DIFF\n|-damage|p2a: monkrustle|0 fnt\n|-damage|p2b: CLOYSTER DIFF|0 fnt\n|faint|p2a: monkrustle\n|faint|p2b: CLOYSTER DIFF\n|move|p1b: Taxi Service|Tailwind|p1b: Taxi Service\n|-sidestart|p1: Krib_Underscore|move: Tailwind\n|\n|upkeep\n|\n|t:|1682450923\n|switch|p2b: Surfin' USA|Tatsugiri, L50, F|100\/100\n|switch|p2a: BIG|Dondozo, L50, M|100\/100\n|-activate|p2b: Surfin' USA|ability: Commander|[of] p2a: BIG\n|-boost|p2a: BIG|atk|2\n|-boost|p2a: BIG|spa|2\n|-boost|p2a: BIG|spe|2\n|-boost|p2a: BIG|def|2\n|-boost|p2a: BIG|spd|2\n|turn|3\n|\n|t:|1682450948\n|move|p1a: HoHoHomicide|Freeze-Dry|p2a: BIG\n|-supereffective|p2a: BIG\n|-damage|p2a: BIG|67\/100\n|move|p1b: Taxi Service|Iron Head|p2a: BIG\n|-resisted|p2a: BIG\n|-damage|p2a: BIG|63\/100\n|move|p2a: BIG|Earthquake|p1b: Taxi Service|[spread] p1a\n|-miss|p2a: BIG|p2b: Surfin' USA\n|-immune|p1b: Taxi Service\n|-damage|p1a: HoHoHomicide|4\/100\n|\n|upkeep\n|turn|4\n|c|\u2606CrustyTheCatgirl|wait lmao\n|c|\u2606CrustyTheCatgirl|im choiced on earthquake against a flying type\n|inactive|CrustyTheCatgirl has 30 seconds left.\n|c|\u2606CrustyTheCatgirl|gg\n|-message|CrustyTheCatgirl forfeited.\n|\n|win|Krib_Underscore\n|raw|Krib_Underscore's rating: 1141 → 1160<\/strong> (+19 for winning)\n|raw|CrustyTheCatgirl's rating: 1050 → 1037<\/strong> (-13 for losing)\n|l|\u2606CrustyTheCatgirl\n|c|\u2606Krib_Underscore|gg lol\n","uploadtime":1682450994,"views":17,"p1id":"kribunderscore","p2id":"crustythecatgirl","formatid":"gen9vgc2023regulationc","rating":1037,"private":0,"password":""}