{"id":"gen9vgc2023regulationc-1858605976","p1":"Ricardizard","p2":"MYSWEEPERISSHUCKLE","format":"[Gen 9] VGC 2023 Regulation C","log":"|j|\u2606Ricardizard\n|j|\u2606MYSWEEPERISSHUCKLE\n|t:|1683331295\n|gametype|doubles\n|player|p1|Ricardizard|blue|1110\n|player|p2|MYSWEEPERISSHUCKLE|pokemaniac|1206\n|teamsize|p1|6\n|teamsize|p2|6\n|gen|9\n|tier|[Gen 9] VGC 2023 Regulation C\n|rated|\n|rule|Species Clause: Limit one of each Pok\u00e9mon\n|rule|Item Clause: Limit one of each item\n|clearpoke\n|poke|p1|Flutter Mane, L50|\n|poke|p1|Scream Tail, L50|\n|poke|p1|Jumpluff, L50, F|\n|poke|p1|Grimmsnarl, L50, M|\n|poke|p1|Drifblim, L50, F|\n|poke|p1|Armarouge, L50, M|\n|poke|p2|Hypno, L50, M|\n|poke|p2|Indeedee-F, L50, F|\n|poke|p2|Torkoal, L50, F|\n|poke|p2|Arboliva, L50, M|\n|poke|p2|Iron Hands, L50|\n|poke|p2|Kingambit, L50, M|\n|teampreview|4\n|inactive|Battle timer is ON: inactive players will automatically lose when time's up. (requested by Ricardizard)\n|inactive|Ricardizard has 60 seconds left.\n|\n|t:|1683331340\n|start\n|switch|p1a: Grimmsnarl|Grimmsnarl, L50, M|100\/100\n|switch|p1b: Jumpluff|Jumpluff, L50, F|100\/100\n|switch|p2a: Andrew Snate|Hypno, L50, M, shiny|100\/100\n|switch|p2b: Indeedee|Indeedee-F, L50, F|100\/100\n|-fieldstart|move: Psychic Terrain|[from] ability: Psychic Surge|[of] p2b: Indeedee\n|turn|1\n|inactive|Ricardizard has 30 seconds left.\n|\n|t:|1683331372\n|move|p1a: Grimmsnarl|Imprison|p1a: Grimmsnarl\n|-start|p1a: Grimmsnarl|move: Imprison\n|move|p1b: Jumpluff|Cotton Guard|p1b: Jumpluff\n|-boost|p1b: Jumpluff|def|3\n|move|p2a: Andrew Snate|Nasty Plot|p2a: Andrew Snate\n|-boost|p2a: Andrew Snate|spa|2\n|move|p2b: Indeedee|Trick Room|p2b: Indeedee\n|-fieldstart|move: Trick Room|[of] p2b: Indeedee\n|\n|upkeep\n|turn|2\n|inactive|Ricardizard has 30 seconds left.\n|\n|t:|1683331401\n|move|p2b: Indeedee|Follow Me|p2b: Indeedee\n|-singleturn|p2b: Indeedee|move: Follow Me\n|move|p1a: Grimmsnarl|Light Screen|p1a: Grimmsnarl\n|-sidestart|p1: Ricardizard|move: Light Screen\n|move|p2a: Andrew Snate|Baton Pass|p2a: Andrew Snate\n|\n|t:|1683331405\n|switch|p2a: Torkoal|Torkoal, L50, F|100\/100|[from] Baton Pass\n|-weather|SunnyDay|[from] ability: Drought|[of] p2a: Torkoal\n|move|p1b: Jumpluff|Baton Pass|p1b: Jumpluff\n|\n|t:|1683331421\n|switch|p1b: Drifblim|Drifblim, L50, F|100\/100|[from] Baton Pass\n|\n|-weather|SunnyDay|[upkeep]\n|upkeep\n|turn|3\n|\n|t:|1683331431\n|switch|p2b: Kingambit|Kingambit, L50, M|100\/100\n|-terastallize|p2a: Torkoal|Fire\n|move|p1a: Grimmsnarl|Reflect|p1a: Grimmsnarl\n|-sidestart|p1: Ricardizard|Reflect\n|move|p2a: Torkoal|Eruption|p1a: Grimmsnarl|[spread] p1a,p1b\n|-damage|p1a: Grimmsnarl|0 fnt\n|-damage|p1b: Drifblim|0 fnt\n|faint|p1a: Grimmsnarl\n|faint|p1b: Drifblim\n|\n|-weather|SunnyDay|[upkeep]\n|upkeep\n|-message|Ricardizard forfeited.\n|\n|win|MYSWEEPERISSHUCKLE\n|raw|Ricardizard's rating: 1110 → 1092<\/strong> (-18 for losing)\n|raw|MYSWEEPERISSHUCKLE's rating: 1206 → 1224<\/strong> (+18 for winning)\n|l|\u2606Ricardizard\n","uploadtime":1683331453,"views":4,"p1id":"ricardizard","p2id":"mysweeperisshuckle","formatid":"gen9vgc2023regulationc","rating":1092,"private":0,"password":""}