{"id":"gen9vgc2023regulationc-1851524763","p1":"Redox90650","p2":"TestingTheTalon","format":"[Gen 9] VGC 2023 Regulation C","log":"|j|\u2606Redox90650\n|j|\u2606TestingTheTalon\n|t:|1682452495\n|gametype|doubles\n|player|p1|Redox90650|veteran|1479\n|player|p2|TestingTheTalon|acetrainer-gen4dp|1439\n|teamsize|p1|6\n|teamsize|p2|6\n|gen|9\n|tier|[Gen 9] VGC 2023 Regulation C\n|rated|\n|rule|Species Clause: Limit one of each Pok\u00e9mon\n|rule|Item Clause: Limit one of each item\n|clearpoke\n|poke|p1|Flamigo, L50, F|\n|poke|p1|Amoonguss, L50, F|\n|poke|p1|Scizor, L50, M|\n|poke|p1|Ceruledge, L50, F|\n|poke|p1|Gastrodon-East, L50, M|\n|poke|p1|Chien-Pao, L50|\n|poke|p2|Garchomp, L50, M|\n|poke|p2|Talonflame, L50, F|\n|poke|p2|Flutter Mane, L50|\n|poke|p2|Amoonguss, L50, F|\n|poke|p2|Gyarados, L50, F|\n|poke|p2|Kingambit, L50, M|\n|teampreview|4\nTestingTheTalon has agreed to open team sheets.\nRedox90650 has agreed to open team sheets.\n|inactive|Battle timer is ON: inactive players will automatically lose when time's up. (requested by Redox90650)\n|inactive|TestingTheTalon has 60 seconds left.\n|\n|t:|1682452624\n|start\n|switch|p1a: Ceruledge|Ceruledge, L50, F|100\/100\n|switch|p1b: Gastrodon|Gastrodon-East, L50, M|100\/100\n|switch|p2a: Garchomp|Garchomp, L50, M|100\/100\n|switch|p2b: Talonflame|Talonflame, L50, F|100\/100\n|turn|1\n|inactive|TestingTheTalon has 30 seconds left.\n|inactive|TestingTheTalon has 20 seconds left.\n|\n|t:|1682452661\n|switch|p1a: Flamigo|Flamigo, L50, F, shiny|100\/100\n|-copyboost|p1a: Flamigo|p1b: Gastrodon|[from] ability: Costar\n|move|p2b: Talonflame|Brave Bird|p1a: Flamigo\n|-supereffective|p1a: Flamigo\n|-damage|p1a: Flamigo|0 fnt\n|faint|p1a: Flamigo\n|-damage|p2b: Talonflame|68\/100|[from] Recoil\n|move|p2a: Garchomp|Earthquake|p1b: Gastrodon|[spread] p1b\n|-immune|p2b: Talonflame\n|-damage|p1b: Gastrodon|46\/100\n|-damage|p2a: Garchomp|91\/100|[from] item: Life Orb\n|move|p1b: Gastrodon|Muddy Water|p2a: Garchomp|[spread] p2a\n|-miss|p1b: Gastrodon|p2b: Talonflame\n|-damage|p2a: Garchomp|64\/100\n|\n|upkeep\n|\n|t:|1682452682\n|switch|p1a: Chien-Pao|Chien-Pao, L50|100\/100\n|-ability|p1a: Chien-Pao|Sword of Ruin\n|turn|2\n|\n|t:|1682452697\n|switch|p2a: Gyarados|Gyarados, L50, F|100\/100\n|-ability|p2a: Gyarados|Intimidate|boost\n|-unboost|p1a: Chien-Pao|atk|1\n|-unboost|p1b: Gastrodon|atk|1\n|move|p1a: Chien-Pao|Ice Spinner|p2a: Gyarados\n|-damage|p2a: Gyarados|64\/100\n|move|p2b: Talonflame|Tailwind|p2b: Talonflame\n|-sidestart|p2: TestingTheTalon|move: Tailwind\n|move|p1b: Gastrodon|Muddy Water|p2b: Talonflame|[spread] p2a\n|-miss|p1b: Gastrodon|p2b: Talonflame\n|-resisted|p2a: Gyarados\n|-damage|p2a: Gyarados|55\/100\n|\n|upkeep\n|turn|3\n|-message|Redox90650 forfeited.\n|\n|win|TestingTheTalon\n|raw|Redox90650's rating: 1479 → 1457<\/strong> (-22 for losing)\n|raw|TestingTheTalon's rating: 1439 → 1461<\/strong> (+22 for winning)\n|l|\u2606Redox90650\n","uploadtime":1682452760,"views":12,"p1id":"redox90650","p2id":"testingthetalon","formatid":"gen9vgc2023regulationc","rating":1457,"private":0,"password":""}