{"id":"gen9vgc2023regulationc-1849021110","p1":"gholdjunge","p2":"The Googer","format":"[Gen 9] VGC 2023 Regulation C","log":"|j|\u2606gholdjunge\n|j|\u2606The Googer\n|t:|1682140263\n|gametype|doubles\n|player|p1|gholdjunge|youngster-gen2|1429\n|player|p2|The Googer|lenora|1387\n|teamsize|p1|6\n|teamsize|p2|6\n|gen|9\n|tier|[Gen 9] VGC 2023 Regulation C\n|rated|\n|rule|Species Clause: Limit one of each Pok\u00e9mon\n|rule|Item Clause: Limit one of each item\n|clearpoke\n|poke|p1|Azumarill, L50, M|\n|poke|p1|Pelipper, L50, F|\n|poke|p1|Chien-Pao, L50|\n|poke|p1|Amoonguss, L50, F|\n|poke|p1|Iron Hands, L50|\n|poke|p1|Flutter Mane, L50|\n|poke|p2|Torkoal, L50, M|\n|poke|p2|Scovillain, L50, M|\n|poke|p2|Armarouge, L50, M|\n|poke|p2|Great Tusk, L50|\n|poke|p2|Indeedee-F, L50, F|\n|poke|p2|Rotom-Wash, L50|\n|teampreview|4\n|j| EV4Ever\n|\n|t:|1682140312\n|start\n|switch|p1a: Azumarill|Azumarill, L50, M|100\/100\n|switch|p1b: Chien-Pao|Chien-Pao, L50|100\/100\n|switch|p2a: VGC's Mom|Indeedee-F, L50, F|100\/100\n|switch|p2b: Extremely normal|Armarouge, L50, M|100\/100\n|-ability|p1b: Chien-Pao|Sword of Ruin\n|-fieldstart|move: Psychic Terrain|[from] ability: Psychic Surge|[of] p2a: VGC's Mom\n|-enditem|p2a: VGC's Mom|Psychic Seed\n|-boost|p2a: VGC's Mom|spd|1|[from] item: Psychic Seed\n|turn|1\n|\n|t:|1682140350\n|move|p2a: VGC's Mom|Follow Me|p2a: VGC's Mom\n|-singleturn|p2a: VGC's Mom|move: Follow Me\n|move|p1b: Chien-Pao|Ice Spinner|p2a: VGC's Mom\n|-damage|p2a: VGC's Mom|23\/100\n|-fieldend|move: Psychic Terrain\n|move|p1a: Azumarill|Liquidation|p2a: VGC's Mom\n|-damage|p2a: VGC's Mom|0 fnt\n|faint|p2a: VGC's Mom\n|move|p2b: Extremely normal|Trick Room|p2b: Extremely normal\n|-fieldstart|move: Trick Room|[of] p2b: Extremely normal\n|\n|upkeep\n|inactive|Battle timer is ON: inactive players will automatically lose when time's up. (requested by The Googer)\n|\n|t:|1682140357\n|switch|p2a: Loaded Gun|Torkoal, L50, M, shiny|100\/100\n|-weather|SunnyDay|[from] ability: Drought|[of] p2a: Loaded Gun\n|turn|2\n|\n|t:|1682140372\n|switch|p1b: Pelipper|Pelipper, L50, F|100\/100\n|-weather|RainDance|[from] ability: Drizzle|[of] p1b: Pelipper\n|-terastallize|p2b: Extremely normal|Fighting\n|move|p2a: Loaded Gun|Eruption|p1b: Pelipper|[spread] p1a,p1b\n|-resisted|p1a: Azumarill\n|-resisted|p1b: Pelipper\n|-damage|p1a: Azumarill|80\/100\n|-damage|p1b: Pelipper|83\/100\n|move|p2b: Extremely normal|Aura Sphere|p1b: Pelipper\n|-resisted|p1b: Pelipper\n|-damage|p1b: Pelipper|59\/100\n|move|p1a: Azumarill|Liquidation|p2a: Loaded Gun\n|-supereffective|p2a: Loaded Gun\n|-damage|p2a: Loaded Gun|0 fnt\n|faint|p2a: Loaded Gun\n|\n|-weather|RainDance|[upkeep]\n|upkeep\n|\n|t:|1682140382\n|switch|p2a: Torple And Porple|Scovillain, L50, M|100\/100\n|turn|3\n|\n|t:|1682140399\n|move|p2b: Extremely normal|Expanding Force|p1b: Pelipper\n|-damage|p1b: Pelipper|8\/100\n|-enditem|p1b: Pelipper|Sitrus Berry|[eat]\n|-heal|p1b: Pelipper|33\/100|[from] item: Sitrus Berry\n|move|p1a: Azumarill|Liquidation|p2a: Torple And Porple\n|-damage|p2a: Torple And Porple|0 fnt\n|faint|p2a: Torple And Porple\n|move|p1b: Pelipper|Hurricane|p2b: Extremely normal\n|-supereffective|p2b: Extremely normal\n|-damage|p2b: Extremely normal|8\/100\n|-start|p2b: Extremely normal|confusion\n|\n|-weather|RainDance|[upkeep]\n|upkeep\n|turn|4\n|\n|t:|1682140412\n|move|p1a: Azumarill|Aqua Jet|p2b: Extremely normal\n|-damage|p2b: Extremely normal|0 fnt\n|faint|p2b: Extremely normal\n|\n|win|gholdjunge\n|raw|gholdjunge's rating: 1429 → 1447<\/strong> (+18 for winning)\n|raw|The Googer's rating: 1387 → 1369<\/strong> (-18 for losing)\n|l|\u2606The Googer\n","uploadtime":1682140420,"views":11,"p1id":"gholdjunge","p2id":"thegooger","formatid":"gen9vgc2023regulationc","rating":1369,"private":0,"password":""}