{"id":"gen9vgc2023regulationc-1854917316","p1":"VeeGey","p2":"Itckigv","format":"[Gen 9] VGC 2023 Regulation C","log":"|j|\u2606VeeGey\n|j|\u2606Itckigv\n|t:|1682880552\n|gametype|doubles\n|player|p1|VeeGey|169|1111\n|player|p2|Itckigv|102|1000\n|teamsize|p1|6\n|teamsize|p2|6\n|gen|9\n|tier|[Gen 9] VGC 2023 Regulation C\n|rated|\n|rule|Species Clause: Limit one of each Pok\u00e9mon\n|rule|Item Clause: Limit one of each item\n|clearpoke\n|poke|p1|Golduck, L50, F|\n|poke|p1|Pelipper, L50, F|\n|poke|p1|Barraskewda, L50, F|\n|poke|p1|Qwilfish, L50, F|\n|poke|p1|Gastrodon, L50, F|\n|poke|p1|Klefki, L50, F|\n|poke|p2|Indeedee-F, L50, F|\n|poke|p2|Meowscarada, L50, F|\n|poke|p2|Flutter Mane, L50|\n|poke|p2|Primeape, L50, M|\n|poke|p2|Oranguru, L50, F|\n|poke|p2|Chi-Yu, L50|\n|teampreview|4\n|inactive|Battle timer is ON: inactive players will automatically lose when time's up. (requested by VeeGey)\n|inactive|VeeGey has 60 seconds left.\nItckigv rejected open team sheets.\n|\n|t:|1682880604\n|start\n|switch|p1a: Pelipper|Pelipper, L50, F|100\/100\n|switch|p1b: Golduck|Golduck, L50, F|100\/100\n|switch|p2a: Primeape|Primeape, L50, M|100\/100\n|switch|p2b: Meowscarada|Meowscarada, L50, F|100\/100\n|-weather|RainDance|[from] ability: Drizzle|[of] p1a: Pelipper\n|turn|1\n|\n|t:|1682880628\n|move|p1b: Golduck|Psyshock|p2a: Primeape\n|-supereffective|p2a: Primeape\n|-damage|p2a: Primeape|10\/100\n|-damage|p1b: Golduck|91\/100|[from] item: Life Orb\n|move|p2b: Meowscarada|Flower Trick|p2a: Primeape\n|-crit|p2a: Primeape\n|-damage|p2a: Primeape|0 fnt\n|faint|p2a: Primeape\n|move|p1a: Pelipper|Hurricane|p2b: Meowscarada\n|-supereffective|p2b: Meowscarada\n|-enditem|p2b: Meowscarada|Focus Sash\n|-damage|p2b: Meowscarada|1\/100\n|\n|-weather|RainDance|[upkeep]\n|upkeep\n|-message|Itckigv forfeited.\n|\n|win|VeeGey\n|raw|VeeGey's rating: 1111 → 1128<\/strong> (+17 for winning)\n|raw|Itckigv's rating: 1000 → 1000<\/strong> (+0 for losing)\n|l|\u2606Itckigv\n","uploadtime":1682880639,"views":5,"p1id":"veegey","p2id":"itckigv","formatid":"gen9vgc2023regulationc","rating":1000,"private":0,"password":""}