{"id":"gen9vgc2023regulationc-1863362311","p1":"immgonnabeatu","p2":"RedFlamey<3","format":"[Gen 9] VGC 2023 Regulation C","log":"|j|\u2606immgonnabeatu\n|j|\u2606RedFlamey<3\n|t:|1684007319\n|gametype|doubles\n|player|p1|immgonnabeatu|harlequin|1057\n|player|p2|RedFlamey<3|169|1044\n|teamsize|p1|5\n|teamsize|p2|5\n|gen|9\n|tier|[Gen 9] VGC 2023 Regulation C\n|rated|\n|rule|Species Clause: Limit one of each Pok\u00e9mon\n|rule|Item Clause: Limit one of each item\n|clearpoke\n|poke|p1|Armarouge, L50, F|\n|poke|p1|Meowscarada, L50, F|\n|poke|p1|Indeedee-F, L50, F|\n|poke|p1|Flamigo, L50, M|\n|poke|p1|Maushold-Four, L50|\n|poke|p2|Indeedee-F, L50, F|\n|poke|p2|Armarouge, L50, M|\n|poke|p2|Breloom, L50, M|\n|poke|p2|Torkoal, L50, F|\n|poke|p2|Cacturne, L50, F|\n|teampreview|4\n|\n|t:|1684007346\n|start\n|switch|p1a: Armarouge|Armarouge, L50, F|100\/100\n|switch|p1b: Meowscarada|Meowscarada, L50, F, shiny|100\/100\n|switch|p2a: Indeedee|Indeedee-F, L50, F|100\/100\n|switch|p2b: Armarouge|Armarouge, L50, M|100\/100\n|-fieldstart|move: Psychic Terrain|[from] ability: Psychic Surge|[of] p2a: Indeedee\n|-enditem|p2a: Indeedee|Psychic Seed\n|-boost|p2a: Indeedee|spd|1|[from] item: Psychic Seed\n|turn|1\n|\n|t:|1684007364\n|move|p2a: Indeedee|Follow Me|p2a: Indeedee\n|-singleturn|p2a: Indeedee|move: Follow Me\n|move|p1b: Meowscarada|Knock Off|p2a: Indeedee\n|-supereffective|p2a: Indeedee\n|-damage|p2a: Indeedee|35\/100\n|move|p1a: Armarouge|Expanding Force|p2a: Indeedee|[spread] p2a,p2b\n|-resisted|p2a: Indeedee\n|-resisted|p2b: Armarouge\n|-damage|p2a: Indeedee|18\/100\n|-damage|p2b: Armarouge|63\/100\n|move|p2b: Armarouge|Calm Mind|p2b: Armarouge\n|-boost|p2b: Armarouge|spa|1\n|-boost|p2b: Armarouge|spd|1\n|\n|-heal|p2b: Armarouge|69\/100|[from] item: Leftovers\n|upkeep\n|turn|2\n|\n|t:|1684007411\n|move|p2a: Indeedee|Follow Me|p2a: Indeedee\n|-singleturn|p2a: Indeedee|move: Follow Me\n|move|p1b: Meowscarada|Knock Off|p2a: Indeedee\n|-supereffective|p2a: Indeedee\n|-damage|p2a: Indeedee|0 fnt\n|faint|p2a: Indeedee\n|move|p2b: Armarouge|Armor Cannon|p1b: Meowscarada\n|-supereffective|p1b: Meowscarada\n|-enditem|p1b: Meowscarada|Focus Sash\n|-damage|p1b: Meowscarada|1\/100\n|-unboost|p2b: Armarouge|def|1\n|-unboost|p2b: Armarouge|spd|1\n|move|p1a: Armarouge|Expanding Force|p2b: Armarouge\n|-resisted|p2b: Armarouge\n|-crit|p2b: Armarouge\n|-damage|p2b: Armarouge|0 fnt\n|faint|p2b: Armarouge\n|\n|upkeep\n|\n|t:|1684007425\n|switch|p2a: Breloom|Breloom, L50, M|100\/100\n|switch|p2b: Torkoal|Torkoal, L50, F|100\/100\n|-weather|SunnyDay|[from] ability: Drought|[of] p2b: Torkoal\n|turn|3\n|\n|t:|1684007454\n|move|p1b: Meowscarada|Knock Off|p1a: Armarouge\n|-supereffective|p1a: Armarouge\n|-damage|p1a: Armarouge|32\/100\n|-ability|p1a: Armarouge|Weak Armor|boost\n|-unboost|p1a: Armarouge|def|1\n|-boost|p1a: Armarouge|spe|2\n|-enditem|p1a: Armarouge|Weakness Policy\n|-boost|p1a: Armarouge|atk|2|[from] item: Weakness Policy\n|-boost|p1a: Armarouge|spa|2|[from] item: Weakness Policy\n|move|p1a: Armarouge|Expanding Force|p2a: Breloom|[spread] p2a,p2b\n|-supereffective|p2a: Breloom\n|-damage|p2a: Breloom|0 fnt\n|-damage|p2b: Torkoal|0 fnt\n|faint|p2a: Breloom\n|faint|p2b: Torkoal\n|\n|win|immgonnabeatu\n|raw|immgonnabeatu's rating: 1057 → 1087<\/strong> (+30 for winning)\n|raw|RedFlamey<3's rating: 1044 → 1028<\/strong> (-16 for losing)\n|l|\u2606RedFlamey<3\n","uploadtime":1684007470,"views":6,"p1id":"immgonnabeatu","p2id":"redflamey3","formatid":"gen9vgc2023regulationc","rating":1028,"private":0,"password":""}