{"id":"gen9vgc2023regulationc-1848127849","p1":"Kodora","p2":"Mattmaster2010","format":"[Gen 9] VGC 2023 Regulation C","log":"|j|\u203dKodora\n|j|\u2606Mattmaster2010\n|t:|1682032931\n|gametype|doubles\n|player|p1|Kodora|169|1319\n|player|p2|Mattmaster2010|102|1314\n|teamsize|p1|6\n|teamsize|p2|6\n|gen|9\n|tier|[Gen 9] VGC 2023 Regulation C\n|rated|\n|rule|Species Clause: Limit one of each Pok\u00e9mon\n|rule|Item Clause: Limit one of each item\n|clearpoke\n|poke|p1|Murkrow, L50, F|\n|poke|p1|Iron Bundle, L50|\n|poke|p1|Chi-Yu, L50|\n|poke|p1|Great Tusk, L50|\n|poke|p1|Flutter Mane, L50|\n|poke|p1|Farigiraf, L50, F|\n|poke|p2|Chi-Yu, L50|\n|poke|p2|Flutter Mane, L50|\n|poke|p2|Dragonite, L50, F|\n|poke|p2|Amoonguss, L50, F|\n|poke|p2|Chien-Pao, L50|\n|poke|p2|Scizor, L50, F|\n|teampreview|4\nKodora has agreed to open team sheets.\n|\n|t:|1682032968\n|start\n|switch|p1a: Murkrow|Murkrow, L50, F|100\/100\n|switch|p1b: Chi-Yu|Chi-Yu, L50|100\/100\n|switch|p2a: Dragonite|Dragonite, L50, F|100\/100\n|switch|p2b: Scizor|Scizor, L50, F|100\/100\n|-ability|p1b: Chi-Yu|Beads of Ruin\n|turn|1\n|\n|t:|1682032979\n|switch|p1a: Farigiraf|Farigiraf, L50, F|100\/100\n|-terastallize|p2a: Dragonite|Normal\n|move|p2a: Dragonite|Extreme Speed||[still]\n|cant|p1a: Farigiraf|ability: Armor Tail|Extreme Speed|[of] p2a: Dragonite\n|move|p2b: Scizor|Bullet Punch||[still]\n|cant|p1a: Farigiraf|ability: Armor Tail|Bullet Punch|[of] p2b: Scizor\n|move|p1b: Chi-Yu|Heat Wave|p2a: Dragonite|[spread] p2a,p2b\n|-supereffective|p2b: Scizor\n|-damage|p2a: Dragonite|64\/100\n|-damage|p2b: Scizor|0 fnt\n|faint|p2b: Scizor\n|-damage|p1b: Chi-Yu|91\/100|[from] item: Life Orb\n|\n|upkeep\n|\n|t:|1682032989\n|switch|p2b: Chien-Pao|Chien-Pao, L50|100\/100\n|-ability|p2b: Chien-Pao|Sword of Ruin\n|turn|2\n|\n|t:|1682032999\n|switch|p2a: Amoonguss|Amoonguss, L50, F|100\/100\n|move|p1a: Farigiraf|Ally Switch|p1a: Farigiraf\n|swap|p1a: Farigiraf|1|[from] move: Ally Switch\n|move|p2b: Chien-Pao|Sacred Sword|p1b: Farigiraf\n|-damage|p1b: Farigiraf|51\/100\n|move|p1a: Chi-Yu|Heat Wave|p2b: Chien-Pao|[spread] p2a,p2b\n|-supereffective|p2a: Amoonguss\n|-supereffective|p2b: Chien-Pao\n|-damage|p2a: Amoonguss|5\/100\n|-enditem|p2b: Chien-Pao|Focus Sash\n|-damage|p2b: Chien-Pao|1\/100\n|-damage|p1a: Chi-Yu|81\/100|[from] item: Life Orb\n|\n|-heal|p2a: Amoonguss|11\/100|[from] item: Leftovers\n|upkeep\n|turn|3\n|-message|Mattmaster2010 forfeited.\n|\n|win|Kodora\n|raw|Kodora's rating: 1319 → 1339<\/strong> (+20 for winning)\n|raw|Mattmaster2010's rating: 1314 → 1294<\/strong> (-20 for losing)\n|l|\u2606Mattmaster2010\n","uploadtime":1682033011,"views":6,"p1id":"kodora","p2id":"mattmaster2010","formatid":"gen9vgc2023regulationc","rating":1294,"private":0,"password":""}