{"id":"gen9vgc2023regulationc-1854194475","p1":"Alaskan_fisher","p2":"TobiYume","format":"[Gen 9] VGC 2023 Regulation C","log":"|j|\u2606Alaskan_fisher\n|j|\u2606TobiYume\n|t:|1682782175\n|gametype|doubles\n|player|p1|Alaskan_fisher|fisherman-gen4|1358\n|player|p2|TobiYume|cheren-gen5bw2|1272\n|teamsize|p1|6\n|teamsize|p2|6\n|gen|9\n|tier|[Gen 9] VGC 2023 Regulation C\n|rated|\n|rule|Species Clause: Limit one of each Pok\u00e9mon\n|rule|Item Clause: Limit one of each item\n|clearpoke\n|poke|p1|Iron Hands, L50|\n|poke|p1|Palafin, L50, F|\n|poke|p1|Arcanine, L50, M|\n|poke|p1|Flutter Mane, L50|\n|poke|p1|Chi-Yu, L50|\n|poke|p1|Amoonguss, L50, F|\n|poke|p2|Ceruledge, L50, M|\n|poke|p2|Kilowattrel, L50, M|\n|poke|p2|Great Tusk, L50|\n|poke|p2|Amoonguss, L50, M|\n|poke|p2|Palafin, L50, M|\n|poke|p2|Flutter Mane, L50|\n|teampreview|4\n|j| PunkCharizard\nAlaskan_fisher has agreed to open team sheets.\n|inactive|Battle timer is ON: inactive players will automatically lose when time's up. (requested by TobiYume)\nTobiYume rejected open team sheets.\n|inactive|Alaskan_fisher has 60 seconds left.\n|\n|t:|1682782241\n|start\n|switch|p1a: Flutter Mane|Flutter Mane, L50|100\/100\n|switch|p1b: Chi-Yu|Chi-Yu, L50|100\/100\n|switch|p2a: Great Tusk|Great Tusk, L50|100\/100\n|switch|p2b: Kilowattrel|Kilowattrel, L50, M|100\/100\n|-ability|p1b: Chi-Yu|Beads of Ruin\n|turn|1\n|inactive|Alaskan_fisher has 30 seconds left.\n|inactive|Alaskan_fisher has 20 seconds left.\n|inactive|Alaskan_fisher has 15 seconds left.\n|\n|t:|1682782281\n|-terastallize|p2a: Great Tusk|Ground\n|move|p1b: Chi-Yu|Heat Wave|p2a: Great Tusk|[spread] p2a,p2b\n|-damage|p2a: Great Tusk|63\/100\n|-damage|p2b: Kilowattrel|21\/100\n|-start|p2b: Kilowattrel|Charge|Heat Wave|[from] ability: Wind Power\n|move|p1a: Flutter Mane|Dazzling Gleam|p2a: Great Tusk|[spread] p2a,p2b\n|-damage|p2a: Great Tusk|23\/100\n|-damage|p2b: Kilowattrel|0 fnt\n|faint|p2b: Kilowattrel\n|move|p2a: Great Tusk|Earthquake|p1a: Flutter Mane|[spread] p1a,p1b\n|-supereffective|p1b: Chi-Yu\n|-damage|p1a: Flutter Mane|6\/100\n|-damage|p1b: Chi-Yu|0 fnt\n|faint|p1b: Chi-Yu\n|\n|upkeep\n|inactive|Alaskan_fisher has 30 seconds left.\n|inactive|Alaskan_fisher has 20 seconds left.\n|inactive|Alaskan_fisher has 15 seconds left.\n|inactive|Alaskan_fisher has 10 seconds left.\n|\n|t:|1682782328\n|switch|p2b: Flutter Mane|Flutter Mane, L50|100\/100\n|switch|p1b: Iron Hands|Iron Hands, L50|100\/100\n|turn|2\n|\n|t:|1682782347\n|-end|p2a: Great Tusk|Protosynthesis|[silent]\n|switch|p2a: Ceruledge|Ceruledge, L50, M|100\/100\n|-terastallize|p1b: Iron Hands|Fire\n|move|p1a: Flutter Mane|Dazzling Gleam|p2b: Flutter Mane|[spread] p2a,p2b\n|-resisted|p2a: Ceruledge\n|-damage|p2a: Ceruledge|82\/100\n|-damage|p2b: Flutter Mane|62\/100\n|move|p2b: Flutter Mane|Moonblast|p1b: Iron Hands\n|-resisted|p1b: Iron Hands\n|-damage|p1b: Iron Hands|75\/100\n|move|p1b: Iron Hands|Wild Charge|p2b: Flutter Mane\n|-damage|p2b: Flutter Mane|0 fnt\n|faint|p2b: Flutter Mane\n|-end|p2b: Flutter Mane|Protosynthesis|[silent]\n|-damage|p1b: Iron Hands|66\/100|[from] Recoil\n|\n|upkeep\n|\n|t:|1682782360\n|switch|p2b: Great Tusk|Great Tusk, L50, tera:Ground|23\/100\n|turn|3\n|inactive|Alaskan_fisher has 30 seconds left.\n|inactive|Alaskan_fisher has 20 seconds left.\n|inactive|Alaskan_fisher has 15 seconds left.\n|inactive|Alaskan_fisher has 10 seconds left.\n|inactive|Alaskan_fisher has 5 seconds left.\n|\n|t:|1682782413\n|move|p2a: Ceruledge|Shadow Sneak|p1a: Flutter Mane\n|-supereffective|p1a: Flutter Mane\n|-damage|p1a: Flutter Mane|0 fnt\n|faint|p1a: Flutter Mane\n|-end|p1a: Flutter Mane|Protosynthesis|[silent]\n|move|p2b: Great Tusk|Headlong Rush|p1b: Iron Hands\n|-supereffective|p1b: Iron Hands\n|-damage|p1b: Iron Hands|0 fnt\n|-unboost|p2b: Great Tusk|def|1\n|-unboost|p2b: Great Tusk|spd|1\n|faint|p1b: Iron Hands\n|-end|p1b: Iron Hands|Quark Drive|[silent]\n|\n|upkeep\n|inactive|Alaskan_fisher has 30 seconds left.\n|\n|t:|1682782446\n|switch|p1b: Amoonguss|Amoonguss, L50, F|100\/100\n|turn|4\n|\n|t:|1682782455\n|move|p2b: Great Tusk|Ice Spinner|p1b: Amoonguss\n|-supereffective|p1b: Amoonguss\n|-damage|p1b: Amoonguss|59\/100\n|move|p2a: Ceruledge|Bitter Blade|p1b: Amoonguss\n|-supereffective|p1b: Amoonguss\n|-crit|p1b: Amoonguss\n|-damage|p1b: Amoonguss|0 fnt\n|-heal|p2a: Ceruledge|100\/100|[from] drain|[of] p1b: Amoonguss\n|faint|p1b: Amoonguss\n|\n|win|TobiYume\n|raw|Alaskan_fisher's rating: 1342 → 1318<\/strong> (-24 for losing)\n|raw|TobiYume's rating: 1272 → 1302<\/strong> (+30 for winning)\n|l|\u2606TobiYume\n","uploadtime":1682782643,"views":19,"p1id":"alaskanfisher","p2id":"tobiyume","formatid":"gen9vgc2023regulationc","rating":1302,"private":0,"password":""}