{"id":"gen9vgc2023regulationc-1855214076","p1":"teabottle","p2":"PTP_VGC","format":"[Gen 9] VGC 2023 Regulation C","log":"|j|\u2606teabottle\n|j|\u2606PTP_VGC\n|t:|1682916253\n|gametype|doubles\n|player|p1|teabottle|preschooler|\n|player|p2|PTP_VGC|biker-gen4|\n|teamsize|p1|6\n|teamsize|p2|6\n|gen|9\n|tier|[Gen 9] VGC 2023 Regulation C\n|rated|Tournament battle\n|rule|Species Clause: Limit one of each Pok\u00e9mon\n|rule|Item Clause: Limit one of each item\n|clearpoke\n|poke|p1|Abomasnow, L50, M|\n|poke|p1|Cetitan, L50, F|\n|poke|p1|Ceruledge, L50, M|\n|poke|p1|Gyarados, L50, M|\n|poke|p1|Flutter Mane, L50|\n|poke|p1|Iron Bundle, L50|\n|poke|p2|Hawlucha, L50, M|\n|poke|p2|Indeedee-F, L50, F|\n|poke|p2|Armarouge, L50, M|\n|poke|p2|Palafin, L50, F|\n|poke|p2|Sandy Shocks, L50|\n|poke|p2|Chien-Pao, L50|\n|teampreview|4\n|raw| Open Team Sheet for teabottle<\/summary>Abomasnow @ Light Clay Ability: Snow Warning Level: 50 Tera Type: Grass - Aurora Veil - Helping Hand - Blizzard - Giga Drain Cetitan @ Assault Vest Ability: Slush Rush Level: 50 Tera Type: Water - Ice Spinner - Stomping Tantrum - Ice Shard - Liquidation Ceruledge @ Leftovers Ability: Flash Fire Level: 50 Tera Type: Steel - Bulk Up - Bitter Blade - Shadow Sneak - Protect Gyarados @ Sitrus Berry Ability: Intimidate Level: 50 Tera Type: Water - Waterfall - Thunder Wave - Taunt - Protect Flutter Mane @ Focus Sash Ability: Protosynthesis Level: 50 Tera Type: Ghost - Shadow Ball - Protect - Dazzling Gleam - Moonblast Iron Bundle @ Booster Energy Ability: Quark Drive Level: 50 Tera Type: Ice - Blizzard - Freeze-Dry - Protect - Icy Wind <\/details><\/div> Open Team Sheet for PTP_VGC<\/summary>Hawlucha @ Psychic Seed Ability: Unburden Level: 50 Tera Type: Steel - Flying Press - Acrobatics - Swords Dance - Detect Indeedee (Indeedee-F) (F) @ Safety Goggles Ability: Psychic Surge Level: 50 Tera Type: Fairy - Follow Me - Psychic - Heal Pulse - Protect Armarouge @ Life Orb Ability: Flash Fire Level: 50 Tera Type: Grass - Armor Cannon - Expanding Force - Trick Room - Protect Palafin @ Eject Pack Ability: Zero to Hero Level: 50 Tera Type: Water - Wave Crash - Jet Punch - Close Combat - Protect Sandy Shocks @ Booster Energy Ability: Protosynthesis Level: 50 Tera Type: Grass - Thunderbolt - Earth Power - Tera Blast - Protect Chien-Pao @ Focus Sash Ability: Sword of Ruin Level: 50 Tera Type: Dark - Throat Chop - Ice Spinner - Haze - Protect <\/details><\/div>\n|inactive|Battle timer is ON: inactive players will automatically lose when time's up. (requested by PTP_VGC)\n|j| HakoboVGC\n|j| TFT Boomer2\n|j| PickledPancake\n|inactive|teabottle has 60 seconds left.\n|inactive|PTP_VGC has 60 seconds left.\n|inactive|PTP_VGC has 30 seconds left.\n|\n|t:|1682916320\n|start\n|switch|p1a: Abomasnow|Abomasnow, L50, M|100\/100\n|switch|p1b: Iron Bundle|Iron Bundle, L50|100\/100\n|switch|p2a: Indeedee|Indeedee-F, L50, F|100\/100\n|switch|p2b: Armarouge|Armarouge, L50, M|100\/100\n|-fieldstart|move: Psychic Terrain|[from] ability: Psychic Surge|[of] p2a: Indeedee\n|-weather|Snow|[from] ability: Snow Warning|[of] p1a: Abomasnow\n|-enditem|p1b: Iron Bundle|Booster Energy\n|-activate|p1b: Iron Bundle|ability: Quark Drive|[fromitem]\n|-start|p1b: Iron Bundle|quarkdrivespe\n|turn|1\n|inactive|teabottle has 30 seconds left.\n|\n|t:|1682916348\n|-end|p1b: Iron Bundle|Quark Drive|[silent]\n|switch|p1b: Ceruledge|Ceruledge, L50, M|100\/100\n|move|p2b: Armarouge|Expanding Force|p1b: Ceruledge|[spread] p1a,p1b\n|-damage|p1a: Abomasnow|21\/100\n|-damage|p1b: Ceruledge|15\/100\n|-damage|p2b: Armarouge|91\/100|[from] item: Life Orb\n|move|p2a: Indeedee|Heal Pulse|p2b: Armarouge\n|-heal|p2b: Armarouge|100\/100\n|move|p1a: Abomasnow|Aurora Veil|p1a: Abomasnow\n|-sidestart|p1: teabottle|move: Aurora Veil\n|\n|-weather|Snow|[upkeep]\n|-heal|p1b: Ceruledge|21\/100|[from] item: Leftovers\n|upkeep\n|turn|2\n|\n|t:|1682916369\n|move|p1a: Abomasnow|Helping Hand|p1b: Ceruledge\n|-singleturn|p1b: Ceruledge|Helping Hand|[of] p1a: Abomasnow\n|move|p2a: Indeedee|Protect|p2a: Indeedee\n|-singleturn|p2a: Indeedee|Protect\n|move|p1b: Ceruledge|Bitter Blade|p2a: Indeedee\n|-activate|p2a: Indeedee|move: Protect\n|move|p2b: Armarouge|Expanding Force|p1a: Abomasnow|[spread] p1a,p1b\n|-damage|p1a: Abomasnow|0 fnt\n|-damage|p1b: Ceruledge|0 fnt\n|faint|p1a: Abomasnow\n|faint|p1b: Ceruledge\n|-damage|p2b: Armarouge|91\/100|[from] item: Life Orb\n|\n|-weather|Snow|[upkeep]\n|upkeep\n|\n|t:|1682916381\n|switch|p1b: Iron Bundle|Iron Bundle, L50|100\/100\n|switch|p1a: Gyarados|Gyarados, L50, M|100\/100\n|-ability|p1a: Gyarados|Intimidate|boost\n|-unboost|p2a: Indeedee|atk|1\n|-unboost|p2b: Armarouge|atk|1\n|turn|3\n|\n|t:|1682916396\n|-terastallize|p1b: Iron Bundle|Ice\n|move|p2a: Indeedee|Follow Me|p2a: Indeedee\n|-singleturn|p2a: Indeedee|move: Follow Me\n|move|p1b: Iron Bundle|Blizzard|p2b: Armarouge|[spread] p2a,p2b\n|-resisted|p2b: Armarouge\n|-damage|p2a: Indeedee|46\/100\n|-damage|p2b: Armarouge|56\/100\n|-status|p2a: Indeedee|frz\n|move|p1a: Gyarados|Waterfall|p2a: Indeedee\n|-damage|p2a: Indeedee|6\/100 frz\n|move|p2b: Armarouge|Expanding Force|p1b: Iron Bundle|[spread] p1a,p1b\n|-damage|p1a: Gyarados|47\/100\n|-damage|p1b: Iron Bundle|0 fnt\n|-enditem|p1a: Gyarados|Sitrus Berry|[eat]\n|-heal|p1a: Gyarados|72\/100|[from] item: Sitrus Berry\n|faint|p1b: Iron Bundle\n|-end|p1b: Iron Bundle|Quark Drive|[silent]\n|-damage|p2b: Armarouge|47\/100|[from] item: Life Orb\n|\n|-weather|Snow|[upkeep]\n|upkeep\n|turn|4\n|l| PickledPancake\n|-message|teabottle forfeited.\n|\n|win|PTP_VGC\n|n|\u2606teabottle|teabottle\n|n|\u2606PTP_VGC|ptpvgc\n|n| HakoboVGC|hakobovgc\n|n| TFT Boomer2|tftboomer2\n","uploadtime":1682916410,"views":15,"p1id":"teabottle","p2id":"ptpvgc","formatid":"gen9vgc2023regulationc","rating":0,"private":0,"password":""}