{"id":"gen9vgc2023regulationc-1864038861","p1":"nickfang7","p2":"Crying for Rain","format":"[Gen 9] VGC 2023 Regulation C","log":"|j|\u2606nickfang7\n|j|\u2606Crying for Rain\n|t:|1684108852\n|gametype|doubles\n|player|p1|nickfang7|1|1523\n|player|p2|Crying for Rain|rocketgruntf|1638\n|teamsize|p1|6\n|teamsize|p2|6\n|gen|9\n|tier|[Gen 9] VGC 2023 Regulation C\n|rated|\n|rule|Species Clause: Limit one of each Pok\u00e9mon\n|rule|Item Clause: Limit one of each item\n|clearpoke\n|poke|p1|Torkoal, L50, M|\n|poke|p1|Jumpluff, L50, M|\n|poke|p1|Flutter Mane, L50|\n|poke|p1|Kingambit, L50, M|\n|poke|p1|Great Tusk, L50|\n|poke|p1|Chien-Pao, L50|\n|poke|p2|Roaring Moon, L50|\n|poke|p2|Flutter Mane, L50|\n|poke|p2|Iron Moth, L50|\n|poke|p2|Great Tusk, L50|\n|poke|p2|Arcanine, L50, F|\n|poke|p2|Murkrow, L50, M|\n|teampreview|4\n|inactive|Battle timer is ON: inactive players will automatically lose when time's up. (requested by nickfang7)\n|inactive|nickfang7 has 60 seconds left.\n|inactive|Crying for Rain has 60 seconds left.\n|\n|t:|1684108893\n|start\n|switch|p1a: Jumpluff|Jumpluff, L50, M|100\/100\n|switch|p1b: Torkoal|Torkoal, L50, M|100\/100\n|switch|p2a: Flutter Mane|Flutter Mane, L50, shiny|100\/100\n|switch|p2b: Iron Moth|Iron Moth, L50, shiny|100\/100\n|-weather|SunnyDay|[from] ability: Drought|[of] p1b: Torkoal\n|-activate|p2a: Flutter Mane|ability: Protosynthesis\n|-start|p2a: Flutter Mane|protosynthesisspa\n|turn|1\n|\n|t:|1684108914\n|-end|p2a: Flutter Mane|Protosynthesis|[silent]\n|switch|p2a: Arcanine|Arcanine, L50, F, shiny|100\/100\n|-ability|p2a: Arcanine|Intimidate|boost\n|-unboost|p1a: Jumpluff|atk|1\n|-unboost|p1b: Torkoal|atk|1\n|-enditem|p1b: Torkoal|Eject Pack\n|\n|t:|1684108920\n|switch|p1b: Great Tusk|Great Tusk, L50|100\/100\n|-activate|p1b: Great Tusk|ability: Protosynthesis\n|-start|p1b: Great Tusk|protosynthesisatk\n|move|p1a: Jumpluff|Tailwind|p1a: Jumpluff\n|-sidestart|p1: nickfang7|move: Tailwind\n|move|p2b: Iron Moth|Heat Wave|p1b: Great Tusk|[spread] p1a,p1b\n|-supereffective|p1a: Jumpluff\n|-damage|p1a: Jumpluff|0 fnt\n|-damage|p1b: Great Tusk|5\/100\n|faint|p1a: Jumpluff\n|\n|-weather|SunnyDay|[upkeep]\n|upkeep\n|\n|t:|1684108928\n|switch|p1a: Flutter Mane|Flutter Mane, L50|100\/100\n|-activate|p1a: Flutter Mane|ability: Protosynthesis\n|-start|p1a: Flutter Mane|protosynthesisspe\n|turn|2\n|j| Blueaquajet3\n|inactive|nickfang7 has 30 seconds left.\n|\n|t:|1684108953\n|move|p2a: Arcanine|Extreme Speed|p1b: Great Tusk\n|-damage|p1b: Great Tusk|0 fnt\n|faint|p1b: Great Tusk\n|-end|p1b: Great Tusk|Protosynthesis|[silent]\n|move|p1a: Flutter Mane|Shadow Ball|p2b: Iron Moth\n|-damage|p2b: Iron Moth|40\/100\n|-unboost|p2b: Iron Moth|spd|1\n|move|p2b: Iron Moth|Heat Wave|p1a: Flutter Mane\n|-damage|p1a: Flutter Mane|13\/100\n|-status|p1a: Flutter Mane|brn\n|\n|-weather|SunnyDay|[upkeep]\n|-damage|p1a: Flutter Mane|7\/100 brn|[from] brn\n|upkeep\n|\n|t:|1684108963\n|switch|p1b: Torkoal|Torkoal, L50, M|100\/100\n|turn|3\n|\n|t:|1684108980\n|move|p2a: Arcanine|Protect|p2a: Arcanine\n|-singleturn|p2a: Arcanine|Protect\n|move|p1a: Flutter Mane|Shadow Ball|p2a: Arcanine\n|-activate|p2a: Arcanine|move: Protect\n|move|p2b: Iron Moth|Heat Wave|p1b: Torkoal|[spread] p1a,p1b\n|-crit|p1a: Flutter Mane\n|-resisted|p1b: Torkoal\n|-damage|p1a: Flutter Mane|0 fnt\n|-damage|p1b: Torkoal|67\/100\n|faint|p1a: Flutter Mane\n|-end|p1a: Flutter Mane|Protosynthesis|[silent]\n|move|p1b: Torkoal|Overheat|p2b: Iron Moth\n|-resisted|p2b: Iron Moth\n|-damage|p2b: Iron Moth|0 fnt\n|-unboost|p1b: Torkoal|spa|2\n|faint|p2b: Iron Moth\n|-end|p2b: Iron Moth|Quark Drive|[silent]\n|\n|-weather|SunnyDay|[upkeep]\n|upkeep\n|-message|nickfang7 forfeited.\n|\n|win|Crying for Rain\n|raw|nickfang7's rating: 1523 → 1509<\/strong> (-14 for losing)\n|raw|Crying for Rain's rating: 1638 → 1652<\/strong> (+14 for winning)\n","uploadtime":1684108990,"views":12,"p1id":"nickfang7","p2id":"cryingforrain","formatid":"gen9vgc2023regulationc","rating":1509,"private":0,"password":""}