{"id":"gen9vgc2023regulationc-1862217929","p1":"VillagerZz","p2":"MATTEOCM","format":"[Gen 9] VGC 2023 Regulation C","log":"|j|\u2606VillagerZz\n|j|\u2606MATTEOCM\n|t:|1683850862\n|gametype|doubles\n|player|p1|VillagerZz|266|1061\n|player|p2|MATTEOCM|170|1000\n|teamsize|p1|6\n|teamsize|p2|6\n|gen|9\n|tier|[Gen 9] VGC 2023 Regulation C\n|rated|\n|rule|Species Clause: Limit one of each Pok\u00e9mon\n|rule|Item Clause: Limit one of each item\n|clearpoke\n|poke|p1|Scream Tail, L50|\n|poke|p1|Iron Bundle, L50|\n|poke|p1|Talonflame, L50, F|\n|poke|p1|Dragonite, L50, M|\n|poke|p1|Iron Valiant, L50|\n|poke|p1|Pachirisu, L50, M|\n|poke|p2|Slither Wing, L50|\n|poke|p2|Iron Hands, L50|\n|poke|p2|Brute Bonnet, L50|\n|poke|p2|Garchomp, L50, F|\n|poke|p2|Palafin, L50, F|\n|poke|p2|Hydreigon, L50, F|\n|teampreview|4\n|inactive|Battle timer is ON: inactive players will automatically lose when time's up. (requested by MATTEOCM)\n|inactive|VillagerZz also wants the timer to be on.\n|\n|t:|1683850879\n|start\n|switch|p1a: Scream Tail|Scream Tail, L50, shiny|100\/100\n|switch|p1b: Iron Bundle|Iron Bundle, L50, shiny|100\/100\n|switch|p2a: Slither Wing|Slither Wing, L50|100\/100\n|switch|p2b: Iron Hands|Iron Hands, L50|100\/100\n|-enditem|p1b: Iron Bundle|Booster Energy\n|-activate|p1b: Iron Bundle|ability: Quark Drive|[fromitem]\n|-start|p1b: Iron Bundle|quarkdrivespa\n|-enditem|p2a: Slither Wing|Booster Energy\n|-activate|p2a: Slither Wing|ability: Protosynthesis|[fromitem]\n|-start|p2a: Slither Wing|protosynthesisatk\n|turn|1\n|inactive|MATTEOCM has 30 seconds left.\n|\n|t:|1683850905\n|move|p1b: Iron Bundle|Protect|p1b: Iron Bundle\n|-singleturn|p1b: Iron Bundle|Protect\n|move|p1a: Scream Tail|Protect|p1a: Scream Tail\n|-singleturn|p1a: Scream Tail|Protect\n|move|p2a: Slither Wing|First Impression|p1a: Scream Tail\n|-activate|p1a: Scream Tail|move: Protect\n|move|p2b: Iron Hands|Volt Switch|p1b: Iron Bundle\n|-activate|p1b: Iron Bundle|move: Protect\n|\n|upkeep\n|turn|2\n|\n|t:|1683850922\n|move|p1b: Iron Bundle|Encore|p2a: Slither Wing\n|-start|p2a: Slither Wing|Encore\n|move|p1a: Scream Tail|Disable|p2b: Iron Hands\n|-start|p2b: Iron Hands|Disable|Volt Switch\n|move|p2a: Slither Wing|First Impression||[still]\n|-hint|First Impression only works on your first turn out.\n|-fail|p2a: Slither Wing\n|cant|p2b: Iron Hands|Disable|Volt Switch\n|\n|upkeep\n|turn|3\n|\n|t:|1683850938\n|-end|p2a: Slither Wing|Protosynthesis|[silent]\n|switch|p2a: Palafin|Palafin, L50, F|100\/100\n|move|p1b: Iron Bundle|Freeze-Dry|p2a: Palafin\n|-supereffective|p2a: Palafin\n|-damage|p2a: Palafin|0 fnt\n|faint|p2a: Palafin\n|move|p1a: Scream Tail|Encore|p2b: Iron Hands\n|-start|p2b: Iron Hands|Encore\n|cant|p2b: Iron Hands|Disable|Volt Switch\n|\n|upkeep\n|-message|MATTEOCM forfeited.\n|\n|win|VillagerZz\n|raw|VillagerZz's rating: 1061 → 1086<\/strong> (+25 for winning)\n|raw|MATTEOCM's rating: 1000 → 1000<\/strong> (+0 for losing)\n|l|\u2606MATTEOCM\n","uploadtime":1683850957,"views":8,"p1id":"villagerzz","p2id":"matteocm","formatid":"gen9vgc2023regulationc","rating":1000,"private":0,"password":""}