{"id":"gen9vgc2023regulationc-1859520883","p1":"bravadomercenary","p2":"Vectorrrius","format":"[Gen 9] VGC 2023 Regulation C","log":"|j|\u2606bravadomercenary\n|j|\u2606Vectorrrius\n|t:|1683534940\n|gametype|doubles\n|player|p1|bravadomercenary|1|1192\n|player|p2|Vectorrrius|medium|1135\n|teamsize|p1|6\n|teamsize|p2|6\n|gen|9\n|tier|[Gen 9] VGC 2023 Regulation C\n|rated|\n|rule|Species Clause: Limit one of each Pok\u00e9mon\n|rule|Item Clause: Limit one of each item\n|clearpoke\n|poke|p1|Pelipper, L50, M|\n|poke|p1|Palafin, L50, F|\n|poke|p1|Iron Hands, L50|\n|poke|p1|Chien-Pao, L50|\n|poke|p1|Dragonite, L50, F|\n|poke|p1|Flutter Mane, L50|\n|poke|p2|Tyranitar, L50, F|\n|poke|p2|Houndstone, L50, F|\n|poke|p2|Iron Moth, L50|\n|poke|p2|Kilowattrel, L50, F|\n|poke|p2|Iron Treads, L50|\n|poke|p2|Garchomp, L50, F|\n|teampreview|4\n|inactive|Battle timer is ON: inactive players will automatically lose when time's up. (requested by bravadomercenary)\n|inactive|Vectorrrius has 60 seconds left.\n|\n|t:|1683534979\n|start\n|switch|p1a: Dragonite|Dragonite, L50, F|100\/100\n|switch|p1b: Chien-Pao|Chien-Pao, L50|100\/100\n|switch|p2a: Tyranitar|Tyranitar, L50, F|100\/100\n|switch|p2b: Kilowattrel|Kilowattrel, L50, F|100\/100\n|-ability|p1b: Chien-Pao|Sword of Ruin\n|-weather|Sandstorm|[from] ability: Sand Stream|[of] p2a: Tyranitar\n|turn|1\n|inactive|Vectorrrius has 30 seconds left.\n|inactive|Vectorrrius has 20 seconds left.\n|inactive|Vectorrrius has 15 seconds left.\n|\n|t:|1683535020\n|move|p1a: Dragonite|Extreme Speed|p2b: Kilowattrel\n|-damage|p2b: Kilowattrel|0 fnt\n|faint|p2b: Kilowattrel\n|move|p1b: Chien-Pao|Sacred Sword|p2a: Tyranitar\n|-supereffective|p2a: Tyranitar\n|-damage|p2a: Tyranitar|0 fnt\n|faint|p2a: Tyranitar\n|\n|-weather|Sandstorm|[upkeep]\n|-damage|p1b: Chien-Pao|95\/100|[from] Sandstorm\n|-damage|p1a: Dragonite|95\/100|[from] Sandstorm\n|upkeep\n|\n|t:|1683535032\n|switch|p2b: Houndstone|Houndstone, L50, F|100\/100\n|switch|p2a: Iron Moth|Iron Moth, L50|100\/100\n|-enditem|p2a: Iron Moth|Booster Energy\n|-activate|p2a: Iron Moth|ability: Quark Drive|[fromitem]\n|-start|p2a: Iron Moth|quarkdrivespa\n|turn|2\n|\n|t:|1683535049\n|-terastallize|p2b: Houndstone|Ghost\n|move|p1a: Dragonite|Extreme Speed|p2a: Iron Moth\n|-damage|p2a: Iron Moth|0 fnt\n|faint|p2a: Iron Moth\n|-end|p2a: Iron Moth|Quark Drive|[silent]\n|move|p1b: Chien-Pao|Sucker Punch|p2b: Houndstone\n|-supereffective|p2b: Houndstone\n|-damage|p2b: Houndstone|0 fnt\n|faint|p2b: Houndstone\n|\n|win|bravadomercenary\n|raw|bravadomercenary's rating: 1192 → 1213<\/strong> (+21 for winning)\n|raw|Vectorrrius's rating: 1135 → 1114<\/strong> (-21 for losing)\n|c|\u2606bravadomercenary|...\n|l|\u2606Vectorrrius\n","uploadtime":1683535063,"views":13,"p1id":"bravadomercenary","p2id":"vectorrrius","formatid":"gen9vgc2023regulationc","rating":1114,"private":0,"password":""}