{"id":"gen9vgc2023regulationc-1857134729","p1":"JogadorZero","p2":"NicoHaxVGC","format":"[Gen 9] VGC 2023 Regulation C","log":"|j|\u2606JogadorZero\n|j|\u2606NicoHaxVGC\n|t:|1683149368\n|gametype|doubles\n|player|p1|JogadorZero|veteran-gen6|1244\n|player|p2|NicoHaxVGC|red|1347\n|teamsize|p1|6\n|teamsize|p2|6\n|gen|9\n|tier|[Gen 9] VGC 2023 Regulation C\n|rated|\n|rule|Species Clause: Limit one of each Pok\u00e9mon\n|rule|Item Clause: Limit one of each item\n|clearpoke\n|poke|p1|Ting-Lu, L50|\n|poke|p1|Chi-Yu, L50|\n|poke|p1|Talonflame, L50, M|\n|poke|p1|Amoonguss, L50, M|\n|poke|p1|Scizor, L50, F|\n|poke|p1|Flutter Mane, L50|\n|poke|p2|Corviknight, L50, F|\n|poke|p2|Ting-Lu, L50|\n|poke|p2|Annihilape, L50, M|\n|poke|p2|Maushold, L50|\n|poke|p2|Iron Bundle, L50|\n|poke|p2|Flutter Mane, L50|\n|teampreview|4\n|inactive|Battle timer is ON: inactive players will automatically lose when time's up. (requested by NicoHaxVGC)\n|inactive|JogadorZero has 60 seconds left.\n|\n|t:|1683149406\n|start\n|switch|p1a: Talonflame|Talonflame, L50, M|100\/100\n|switch|p1b: Flutter Mane|Flutter Mane, L50|100\/100\n|switch|p2a: Raven|Corviknight, L50, F|100\/100\n|switch|p2b: Beast boy|Ting-Lu, L50|100\/100\n|-ability|p2b: Beast boy|Vessel of Ruin\n|turn|1\n|\n|t:|1683149426\n|-terastallize|p2a: Raven|Fire\n|move|p1a: Talonflame|Tailwind|p1a: Talonflame\n|-sidestart|p1: JogadorZero|move: Tailwind\n|move|p1b: Flutter Mane|Dazzling Gleam|p2a: Raven|[spread] p2a,p2b\n|-resisted|p2a: Raven\n|-supereffective|p2b: Beast boy\n|-damage|p2a: Raven|90\/100\n|-damage|p2b: Beast boy|75\/100\n|move|p2a: Raven|Iron Head|p1b: Flutter Mane\n|-supereffective|p1b: Flutter Mane\n|-enditem|p1b: Flutter Mane|Focus Sash\n|-damage|p1b: Flutter Mane|1\/100\n|move|p2b: Beast boy|Rock Slide|p1a: Talonflame|[spread] p1a,p1b\n|-supereffective|p1a: Talonflame\n|-damage|p1a: Talonflame|18\/100\n|-damage|p1b: Flutter Mane|0 fnt\n|faint|p1b: Flutter Mane\n|-end|p1b: Flutter Mane|Protosynthesis|[silent]\n|\n|upkeep\n|\n|t:|1683149439\n|switch|p1b: Chi-Yu|Chi-Yu, L50|100\/100\n|-ability|p1b: Chi-Yu|Beads of Ruin\n|turn|2\n|\n|t:|1683149456\n|move|p1a: Talonflame|Will-O-Wisp|p2b: Beast boy\n|-status|p2b: Beast boy|brn\n|move|p1b: Chi-Yu|Dark Pulse|p2a: Raven\n|-damage|p2a: Raven|39\/100\n|-damage|p1b: Chi-Yu|90\/100|[from] item: Life Orb\n|move|p2a: Raven|Brave Bird|p1b: Chi-Yu\n|-damage|p1b: Chi-Yu|16\/100\n|-damage|p2a: Raven|23\/100|[from] Recoil\n|move|p2b: Beast boy|Rock Slide|p1a: Talonflame|[spread] p1a,p1b\n|-supereffective|p1a: Talonflame\n|-supereffective|p1b: Chi-Yu\n|-damage|p1a: Talonflame|0 fnt\n|-damage|p1b: Chi-Yu|0 fnt\n|faint|p1a: Talonflame\n|faint|p1b: Chi-Yu\n|\n|-damage|p2b: Beast boy|69\/100 brn|[from] brn\n|upkeep\n|\n|t:|1683149469\n|switch|p1b: Scizor|Scizor, L50, F|100\/100\n|turn|3\n|\n|t:|1683149482\n|-terastallize|p1b: Scizor|Water\n|move|p1b: Scizor|Swords Dance|p1b: Scizor\n|-boost|p1b: Scizor|atk|2\n|move|p2a: Raven|Brave Bird|p1b: Scizor\n|-damage|p1b: Scizor|51\/100\n|-damage|p2a: Raven|11\/100|[from] Recoil\n|move|p2b: Beast boy|Ruination|p1b: Scizor\n|-damage|p1b: Scizor|26\/100\n|\n|-damage|p2b: Beast boy|63\/100 brn|[from] brn\n|upkeep\n|turn|4\n|\n|t:|1683149505\n|move|p1b: Scizor|Pounce|p2b: Beast boy\n|-supereffective|p2b: Beast boy\n|-damage|p2b: Beast boy|0 fnt\n|faint|p2b: Beast boy\n|move|p2a: Raven|Brave Bird|p1b: Scizor\n|-damage|p1b: Scizor|0 fnt\n|faint|p1b: Scizor\n|-damage|p2a: Raven|5\/100|[from] Recoil\n|\n|win|NicoHaxVGC\n|raw|JogadorZero's rating: 1244 → 1226<\/strong> (-18 for losing)\n|raw|NicoHaxVGC's rating: 1347 → 1361<\/strong> (+14 for winning)\n","uploadtime":1683149514,"views":15,"p1id":"jogadorzero","p2id":"nicohaxvgc","formatid":"gen9vgc2023regulationc","rating":1226,"private":0,"password":""}