{"id":"gen9vgc2023regulationc-1848464247","p1":"TheStarry1","p2":"itsmichaelk122","format":"[Gen 9] VGC 2023 Regulation C","log":"|j|\u2606TheStarry1\n|j|\u2606itsmichaelk122\n|t:|1682081238\n|gametype|doubles\n|player|p1|TheStarry1|lillie-z|1037\n|player|p2|itsmichaelk122|lance|1072\n|teamsize|p1|6\n|teamsize|p2|6\n|gen|9\n|tier|[Gen 9] VGC 2023 Regulation C\n|rated|\n|rule|Species Clause: Limit one of each Pok\u00e9mon\n|rule|Item Clause: Limit one of each item\n|clearpoke\n|poke|p1|Flutter Mane, L50|\n|poke|p1|Iron Bundle, L50|\n|poke|p1|Chi-Yu, L50|\n|poke|p1|Talonflame, L50, F|\n|poke|p1|Great Tusk, L50|\n|poke|p1|Kingambit, L50, M|\n|poke|p2|Chi-Yu, L50|\n|poke|p2|Flutter Mane, L50|\n|poke|p2|Torkoal, L50, F|\n|poke|p2|Lilligant, L50, F|\n|poke|p2|Murkrow, L50, F|\n|poke|p2|Rotom-Wash, L50|\n|teampreview|4\nitsmichaelk122 rejected open team sheets.\n|inactive|Battle timer is ON: inactive players will automatically lose when time's up. (requested by itsmichaelk122)\n|\n|t:|1682081272\n|start\n|switch|p1a: Great Tusk|Great Tusk, L50|100\/100\n|switch|p1b: Albatross|Talonflame, L50, F|100\/100\n|switch|p2a: Rotom|Rotom-Wash, L50, shiny|100\/100\n|switch|p2b: Murkrow|Murkrow, L50, F, shiny|100\/100\n|turn|1\n|inactive|TheStarry1 has 30 seconds left.\n|inactive|TheStarry1 has 20 seconds left.\n|\n|t:|1682081307\n|move|p1b: Albatross|Tailwind|p1b: Albatross\n|-sidestart|p1: TheStarry1|move: Tailwind\n|move|p2b: Murkrow|Tailwind|p2b: Murkrow\n|-sidestart|p2: itsmichaelk122|move: Tailwind\n|move|p2a: Rotom|Thunder|p1b: Albatross|[miss]\n|-miss|p2a: Rotom|p1b: Albatross\n|move|p1a: Great Tusk|Close Combat|p2b: Murkrow\n|-damage|p2b: Murkrow|0 fnt\n|-unboost|p1a: Great Tusk|def|1\n|-unboost|p1a: Great Tusk|spd|1\n|faint|p2b: Murkrow\n|\n|upkeep\n|\n|t:|1682081317\n|switch|p2b: Lilligant|Lilligant, L50, F|100\/100\n|turn|2\n|\n|t:|1682081325\n|move|p1b: Albatross|Taunt|p2b: Lilligant\n|-start|p2b: Lilligant|move: Taunt\n|cant|p2b: Lilligant|move: Taunt|Sleep Powder\n|move|p2a: Rotom|Thunder|p1b: Albatross\n|-supereffective|p1b: Albatross\n|-damage|p1b: Albatross|0 fnt\n|faint|p1b: Albatross\n|move|p1a: Great Tusk|Ice Spinner|p2b: Lilligant\n|-supereffective|p2b: Lilligant\n|-damage|p2b: Lilligant|0 fnt\n|faint|p2b: Lilligant\n|\n|upkeep\n|\n|t:|1682081337\n|switch|p1b: Delidrone|Iron Bundle, L50|100\/100\n|switch|p2b: Torkoal|Torkoal, L50, F|100\/100\n|-weather|SunnyDay|[from] ability: Drought|[of] p2b: Torkoal\n|-activate|p1a: Great Tusk|ability: Protosynthesis\n|-start|p1a: Great Tusk|protosynthesisatk\n|-enditem|p1b: Delidrone|Booster Energy\n|-activate|p1b: Delidrone|ability: Quark Drive|[fromitem]\n|-start|p1b: Delidrone|quarkdrivespe\n|turn|3\n|c|\u2606itsmichaelk122|whyd it have to miss the first time lol\n|\n|t:|1682081354\n|-terastallize|p2b: Torkoal|Fire\n|move|p1b: Delidrone|Freeze-Dry|p2a: Rotom\n|-supereffective|p2a: Rotom\n|-damage|p2a: Rotom|4\/100\n|move|p2a: Rotom|Hydro Pump|p1a: Great Tusk\n|-supereffective|p1a: Great Tusk\n|-damage|p1a: Great Tusk|24\/100\n|move|p1a: Great Tusk|Headlong Rush|p2b: Torkoal\n|-supereffective|p2b: Torkoal\n|-damage|p2b: Torkoal|0 fnt\n|-unboost|p1a: Great Tusk|def|1\n|-unboost|p1a: Great Tusk|spd|1\n|faint|p2b: Torkoal\n|\n|-weather|SunnyDay|[upkeep]\n|-heal|p2a: Rotom|10\/100|[from] item: Leftovers\n|upkeep\n|turn|4\n|c|\u2606itsmichaelk122|gg\n|-message|itsmichaelk122 forfeited.\n|\n|win|TheStarry1\n|raw|TheStarry1's rating: 1037 → 1075<\/strong> (+38 for winning)\n|raw|itsmichaelk122's rating: 1072 → 1049<\/strong> (-23 for losing)\n|l|\u2606itsmichaelk122\n","uploadtime":1682081374,"views":17,"p1id":"thestarry1","p2id":"itsmichaelk122","formatid":"gen9vgc2023regulationc","rating":1049,"private":0,"password":""}