{"id":"gen9vgc2023regulationc-1854947003","p1":"awesome10billion","p2":"BumpyBumps","format":"[Gen 9] VGC 2023 Regulation C","log":"|j|\u2606awesome10billion\n|j|\u2606BumpyBumps\n|t:|1682883779\n|gametype|doubles\n|player|p1|awesome10billion|170|\n|player|p2|BumpyBumps|wallace|\n|teamsize|p1|6\n|teamsize|p2|6\n|gen|9\n|tier|[Gen 9] VGC 2023 Regulation C\n|rule|Species Clause: Limit one of each Pok\u00e9mon\n|rule|Item Clause: Limit one of each item\n|clearpoke\n|poke|p1|Iron Hands, L50|\n|poke|p1|Amoonguss, L50, F|\n|poke|p1|Pelipper, L50, M|\n|poke|p1|Palafin, L50, F|\n|poke|p1|Baxcalibur, L50, F|\n|poke|p1|Dragonite, L50, F|\n|poke|p2|Flutter Mane, L50|\n|poke|p2|Chien-Pao, L50|\n|poke|p2|Ting-Lu, L50|\n|poke|p2|Arcanine, L50, M|\n|poke|p2|Dragonite, L50, M|\n|poke|p2|Amoonguss, L50, M|\n|teampreview|4\nBumpyBumps rejected open team sheets.\n|inactive|Battle timer is ON: inactive players will automatically lose when time's up. (requested by awesome10billion)\n|inactive|BumpyBumps has 60 seconds left.\n|\n|t:|1682883816\n|start\n|switch|p1a: Iron Hands|Iron Hands, L50|100\/100\n|switch|p1b: Palafin|Palafin, L50, F|100\/100\n|switch|p2a: Ting-Lu|Ting-Lu, L50|100\/100\n|switch|p2b: Chien-Pao|Chien-Pao, L50|100\/100\n|-ability|p2b: Chien-Pao|Sword of Ruin\n|-ability|p2a: Ting-Lu|Vessel of Ruin\n|turn|1\n|inactive|BumpyBumps has 30 seconds left.\n|\n|t:|1682883842\n|detailschange|p1b: Palafin|Palafin-Hero, L50, F\n|switch|p1b: Pelipper|Pelipper, L50, M|100\/100\n|-weather|RainDance|[from] ability: Drizzle|[of] p1b: Pelipper\n|move|p2b: Chien-Pao|Ice Spinner|p1b: Pelipper\n|-damage|p1b: Pelipper|30\/100\n|move|p1a: Iron Hands|Volt Switch|p2b: Chien-Pao\n|-damage|p2b: Chien-Pao|86\/100\n|\n|t:|1682883850\n|-end|p1a: Iron Hands|Quark Drive|[silent]\n|switch|p1a: Palafin|Palafin-Hero, L50, F|100\/100|[from] Volt Switch\n|-activate|p1a: Palafin|ability: Zero to Hero\n|move|p2a: Ting-Lu|Ruination|p1b: Pelipper\n|-damage|p1b: Pelipper|15\/100\n|\n|-weather|RainDance|[upkeep]\n|upkeep\n|turn|2\n|\n|t:|1682883863\n|-terastallize|p1a: Palafin|Water\n|move|p2b: Chien-Pao|Sucker Punch|p1b: Pelipper\n|-damage|p1b: Pelipper|0 fnt\n|faint|p1b: Pelipper\n|move|p1a: Palafin|Jet Punch|p2b: Chien-Pao\n|-damage|p2b: Chien-Pao|0 fnt\n|faint|p2b: Chien-Pao\n|move|p2a: Ting-Lu|Fissure|p1a: Palafin\n|-damage|p1a: Palafin|0 fnt\n|faint|p1a: Palafin\n|-ohko\n|\n|-weather|RainDance|[upkeep]\n|upkeep\n|c|\u2606awesome10billion|Lucky hit!\n|\n|t:|1682883885\n|switch|p2b: Flutter Mane|Flutter Mane, L50|100\/100\n|switch|p1a: Iron Hands|Iron Hands, L50|100\/100\n|switch|p1b: Baxcalibur|Baxcalibur, L50, F|100\/100\n|turn|3\n|\n|t:|1682883898\n|move|p2b: Flutter Mane|Moonblast|p1b: Baxcalibur\n|-supereffective|p1b: Baxcalibur\n|-damage|p1b: Baxcalibur|7\/100\n|-damage|p2b: Flutter Mane|91\/100|[from] item: Life Orb\n|move|p1b: Baxcalibur|Icicle Crash|p2b: Flutter Mane\n|-damage|p2b: Flutter Mane|0 fnt\n|faint|p2b: Flutter Mane\n|-end|p2b: Flutter Mane|Protosynthesis|[silent]\n|move|p1a: Iron Hands|Close Combat|p2a: Ting-Lu\n|-supereffective|p2a: Ting-Lu\n|-damage|p2a: Ting-Lu|30\/100\n|-unboost|p1a: Iron Hands|def|1\n|-unboost|p1a: Iron Hands|spd|1\n|move|p2a: Ting-Lu|Stomping Tantrum|p1a: Iron Hands\n|-supereffective|p1a: Iron Hands\n|-damage|p1a: Iron Hands|39\/100\n|\n|-weather|RainDance|[upkeep]\n|upkeep\n|\n|t:|1682883911\n|switch|p2b: Dragonite|Dragonite, L50, M|100\/100\n|turn|4\n|\n|t:|1682883925\n|-terastallize|p2a: Ting-Lu|Poison\n|move|p2b: Dragonite|Extreme Speed|p1b: Baxcalibur\n|-damage|p1b: Baxcalibur|0 fnt\n|faint|p1b: Baxcalibur\n|move|p1a: Iron Hands|Close Combat|p2a: Ting-Lu\n|-resisted|p2a: Ting-Lu\n|-damage|p2a: Ting-Lu|10\/100\n|-unboost|p1a: Iron Hands|def|1\n|-unboost|p1a: Iron Hands|spd|1\n|move|p2a: Ting-Lu|Stomping Tantrum|p1a: Iron Hands\n|-supereffective|p1a: Iron Hands\n|-damage|p1a: Iron Hands|0 fnt\n|faint|p1a: Iron Hands\n|-end|p1a: Iron Hands|Quark Drive|[silent]\n|\n|win|BumpyBumps\n|c|\u2606BumpyBumps|gg\n|c|\u2606awesome10billion|gg\n","uploadtime":1682883940,"views":9,"p1id":"awesome10billion","p2id":"bumpybumps","formatid":"gen9vgc2023regulationc","rating":0,"private":0,"password":""}