{"id":"gen9vgc2023regulationc-1861472809","p1":"Mogomomo","p2":"bryght","format":"[Gen 9] VGC 2023 Regulation C","log":"|j|\u2606Mogomomo\n|j|\u2606bryght\n|t:|1683762126\n|gametype|doubles\n|player|p1|Mogomomo|crasherwake|\n|player|p2|bryght|pokemaniac|\n|teamsize|p1|6\n|teamsize|p2|6\n|gen|9\n|tier|[Gen 9] VGC 2023 Regulation C\n|rule|Tera Type Preview: Tera Types are shown at Team Preview\n|rule|Species Clause: Limit one of each Pok\u00e9mon\n|rule|Item Clause: Limit one of each item\n|clearpoke\n|poke|p1|Flutter Mane, L50|\n|poke|p1|Baxcalibur, L50, M|\n|poke|p1|Kingambit, L50, M|\n|poke|p1|Rotom-Wash, L50|\n|poke|p1|Staraptor, L50, F|\n|poke|p1|Salazzle, L50, F|\n|poke|p2|Flutter Mane, L50|\n|poke|p2|Sandy Shocks, L50|\n|poke|p2|Rotom-Wash, L50|\n|poke|p2|Kingambit, L50, F|\n|poke|p2|Tsareena, L50, F|\n|poke|p2|Scovillain, L50, M|\n|teampreview|4\n|raw|Mogomomo's Tera Types: \/ \/ \/ \/ \/ \n|raw|bryght's Tera Types: \/ \/ \/ \/ \/ \n|inactive|Battle timer is ON: inactive players will automatically lose when time's up. (requested by bryght)\n|j| dracoxzone\n|inactiveoff|Battle timer is now OFF.\nbryght rejected open team sheets.\n|c|\u2606Mogomomo|g3\n|l| dracoxzone\n|c|\u2606Mogomomo|gl hf!\n|c|\u2606bryght|glhf\n|j| tzarii\n|j| M1so\n|c| M1so|go mogo!\n|\n|t:|1683762954\n|start\n|switch|p1a: Baxcalibur|Baxcalibur, L50, M|100\/100\n|switch|p1b: Staraptor|Staraptor, L50, F|100\/100\n|switch|p2a: Flutter Mane|Flutter Mane, L50|100\/100\n|switch|p2b: Scovillain|Scovillain, L50, M|100\/100\n|turn|1\n|\n|t:|1683762992\n|move|p1b: Staraptor|Brave Bird|p2a: Flutter Mane\n|-damage|p2a: Flutter Mane|0 fnt\n|faint|p2a: Flutter Mane\n|-end|p2a: Flutter Mane|Protosynthesis|[silent]\n|-damage|p1b: Staraptor|74\/100|[from] Recoil\n|move|p2b: Scovillain|Sunny Day|p2b: Scovillain\n|-weather|SunnyDay\n|move|p1a: Baxcalibur|Icicle Crash|p2b: Scovillain\n|-damage|p2b: Scovillain|6\/100\n|\n|-weather|SunnyDay|[upkeep]\n|upkeep\n|\n|t:|1683763003\n|switch|p2a: Sandy Shocks|Sandy Shocks, L50|100\/100\n|-activate|p2a: Sandy Shocks|ability: Protosynthesis\n|-start|p2a: Sandy Shocks|protosynthesisspe\n|turn|2\n|\n|t:|1683763027\n|move|p2b: Scovillain|Overheat|p1b: Staraptor\n|-damage|p1b: Staraptor|0 fnt\n|-unboost|p2b: Scovillain|spa|2\n|-enditem|p2b: Scovillain|Eject Pack\n|faint|p1b: Staraptor\n|\n|t:|1683763033\n|switch|p2b: Kingambit|Kingambit, L50, F|100\/100\n|-activate|p2b: Kingambit|ability: Supreme Overlord\n|-start|p2b: Kingambit|fallen1|[silent]\n|move|p2a: Sandy Shocks|Reflect|p2a: Sandy Shocks\n|-sidestart|p2: bryght|Reflect\n|move|p1a: Baxcalibur|Icicle Crash|p2a: Sandy Shocks\n|-supereffective|p2a: Sandy Shocks\n|-crit|p2a: Sandy Shocks\n|-damage|p2a: Sandy Shocks|0 fnt\n|faint|p2a: Sandy Shocks\n|-end|p2a: Sandy Shocks|Protosynthesis|[silent]\n|\n|-weather|SunnyDay|[upkeep]\n|upkeep\n|\n|t:|1683763048\n|switch|p2a: Scovillain|Scovillain, L50, M|6\/100\n|switch|p1b: Rotom|Rotom-Wash, L50|100\/100\n|turn|3\n|\n|t:|1683763058\n|-terastallize|p1b: Rotom|Fairy\n|move|p1a: Baxcalibur|Protect|p1a: Baxcalibur\n|-singleturn|p1a: Baxcalibur|Protect\n|move|p2a: Scovillain|Leaf Storm|p1b: Rotom\n|-damage|p1b: Rotom|25\/100\n|-unboost|p2a: Scovillain|spa|2\n|-enditem|p1b: Rotom|Sitrus Berry|[eat]\n|-heal|p1b: Rotom|50\/100|[from] item: Sitrus Berry\n|move|p1b: Rotom|Thunderbolt|p2a: Scovillain\n|-resisted|p2a: Scovillain\n|-damage|p2a: Scovillain|0 fnt\n|faint|p2a: Scovillain\n|move|p2b: Kingambit|Low Kick|p1a: Baxcalibur\n|-activate|p1a: Baxcalibur|move: Protect\n|\n|-weather|SunnyDay|[upkeep]\n|upkeep\n|turn|4\n|\n|t:|1683763094\n|move|p1b: Rotom|Thunderbolt|p2b: Kingambit\n|-damage|p2b: Kingambit|61\/100\n|-status|p2b: Kingambit|par\n|-enditem|p2b: Kingambit|Lum Berry|[eat]\n|-curestatus|p2b: Kingambit|par|[msg]\n|move|p1a: Baxcalibur|Brick Break|p2b: Kingambit\n|-sideend|p2: bryght|Reflect\n|-supereffective|p2b: Kingambit\n|-damage|p2b: Kingambit|0 fnt\n|faint|p2b: Kingambit\n|-end|p2b: Kingambit|fallen1|[silent]\n|\n|win|Mogomomo\n|c|\u2606bryght|ggs\n|c|\u2606Mogomomo|gg\n|c|\u2606bryght|brutal crits\n|c|\u2606Mogomomo|yeah def, sorry ab those\n|l| M1so\n|c|\u2606bryght|all good, wp\n|l| tzarii\n|l|\u2606Mogomomo\n|j| winda the spinda\n|l|\u2606bryght\n|j| winteredsoul\n|l| winteredsoul\n|j|+Eeveon7\u2764\n|l|+Eeveon7\u2764\n|j|\u2606Mogomomo\n|player|p1|Mogomomo|crasherwake\n","uploadtime":1683765463,"views":6,"p1id":"mogomomo","p2id":"bryght","formatid":"gen9vgc2023regulationc","rating":0,"private":0,"password":""}