{"id":"gen9vgc2023regulationc-1856504773","p1":"Jbayyybeee","p2":"goosemaid","format":"[Gen 9] VGC 2023 Regulation C","log":"|j|\u2606Jbayyybeee\n|j|\u2606goosemaid\n|t:|1683069116\n|gametype|doubles\n|player|p1|Jbayyybeee|101|1093\n|player|p2|goosemaid|benga|1098\n|teamsize|p1|6\n|teamsize|p2|6\n|gen|9\n|tier|[Gen 9] VGC 2023 Regulation C\n|rated|\n|rule|Species Clause: Limit one of each Pok\u00e9mon\n|rule|Item Clause: Limit one of each item\n|clearpoke\n|poke|p1|Gyarados, L50, M|\n|poke|p1|Brambleghast, L50, F|\n|poke|p1|Talonflame, L50, M|\n|poke|p1|Raichu, L50, F|\n|poke|p1|Garchomp, L50, F|\n|poke|p1|Lumineon, L50, F|\n|poke|p2|Orthworm, L50, F|\n|poke|p2|Corviknight, L50, F|\n|poke|p2|Meowscarada, L50, M|\n|poke|p2|Rotom-Wash, L50|\n|poke|p2|Chien-Pao, L50|\n|poke|p2|Flutter Mane, L50|\n|teampreview|4\nJbayyybeee rejected open team sheets.\n|inactive|Battle timer is ON: inactive players will automatically lose when time's up. (requested by goosemaid)\n|inactive|Jbayyybeee has 60 seconds left.\n|\n|t:|1683069186\n|start\n|switch|p1a: Raichu|Raichu, L50, F|100\/100\n|switch|p1b: Talonflame|Talonflame, L50, M, shiny|100\/100\n|switch|p2a: Orthworm|Orthworm, L50, F|100\/100\n|switch|p2b: Corviknight|Corviknight, L50, F, shiny|100\/100\n|turn|1\n|\n|t:|1683069207\n|move|p2b: Corviknight|Protect|p2b: Corviknight\n|-singleturn|p2b: Corviknight|Protect\n|move|p1a: Raichu|Fake Out|p2b: Corviknight\n|-activate|p2b: Corviknight|move: Protect\n|move|p1b: Talonflame|Will-O-Wisp|p2a: Orthworm|[miss]\n|-miss|p1b: Talonflame|p2a: Orthworm\n|move|p2a: Orthworm|Shed Tail|p2a: Orthworm\n|-start|p2a: Orthworm|Substitute|[from] move: Shed Tail\n|-damage|p2a: Orthworm|50\/100\n|-enditem|p2a: Orthworm|Sitrus Berry|[eat]\n|-heal|p2a: Orthworm|75\/100|[from] item: Sitrus Berry\n|\n|t:|1683069221\n|switch|p2a: Flutter Mane|Flutter Mane, L50|100\/100|[from] Shed Tail\n|\n|upkeep\n|turn|2\n|\n|t:|1683069230\n|move|p1b: Talonflame|Tailwind|p1b: Talonflame\n|-sidestart|p1: Jbayyybeee|move: Tailwind\n|move|p1a: Raichu|Encore|p2b: Corviknight\n|-start|p2b: Corviknight|Encore\n|move|p2a: Flutter Mane|Moonblast|p1a: Raichu\n|-damage|p1a: Raichu|40\/100\n|move|p2b: Corviknight|Protect||[still]\n|-fail|p2b: Corviknight\n|\n|upkeep\n|turn|3\n|\n|t:|1683069245\n|move|p2b: Corviknight|Protect|p2b: Corviknight\n|-singleturn|p2b: Corviknight|Protect\n|move|p1b: Talonflame|Will-O-Wisp|p2b: Corviknight\n|-activate|p2b: Corviknight|move: Protect\n|move|p1a: Raichu|Thunder Wave||[still]\n|-fail|p1a: Raichu\n|move|p2a: Flutter Mane|Moonblast|p1a: Raichu\n|-damage|p1a: Raichu|0 fnt\n|faint|p1a: Raichu\n|\n|upkeep\n|\n|t:|1683069261\n|switch|p1a: Gyarados|Gyarados, L50, M, shiny|100\/100\n|-ability|p1a: Gyarados|Intimidate|boost\n|-immune|p2a: Flutter Mane\n|-ability|p2b: Corviknight|Mirror Armor\n|-unboost|p1a: Gyarados|atk|1\n|turn|4\n|-message|Jbayyybeee forfeited.\n|\n|win|goosemaid\n|raw|Jbayyybeee's rating: 1093 → 1069<\/strong> (-24 for losing)\n|raw|goosemaid's rating: 1098 → 1123<\/strong> (+25 for winning)\n|l|\u2606Jbayyybeee\n","uploadtime":1683069273,"views":11,"p1id":"jbayyybeee","p2id":"goosemaid","formatid":"gen9vgc2023regulationc","rating":1069,"private":0,"password":""}