{"id":"gen9vgc2023regulationc-1858714361","p1":"Waffles101","p2":"Sa7tia","format":"[Gen 9] VGC 2023 Regulation C","log":"|j|\u2606Waffles101\n|j|\u2606Sa7tia\n|t:|1683346885\n|gametype|doubles\n|player|p1|Waffles101|aromalady|1293\n|player|p2|Sa7tia|harlequin|1386\n|teamsize|p1|6\n|teamsize|p2|6\n|gen|9\n|tier|[Gen 9] VGC 2023 Regulation C\n|rated|\n|rule|Species Clause: Limit one of each Pok\u00e9mon\n|rule|Item Clause: Limit one of each item\n|clearpoke\n|poke|p1|Palafin, L50, M|\n|poke|p1|Arcanine, L50, M|\n|poke|p1|Amoonguss, L50, F|\n|poke|p1|Flutter Mane, L50|\n|poke|p1|Dragapult, L50, F|\n|poke|p1|Iron Hands, L50|\n|poke|p2|Scream Tail, L50|\n|poke|p2|Indeedee-F, L50, F|\n|poke|p2|Armarouge, L50, F|\n|poke|p2|Dragapult, L50, F|\n|poke|p2|Chien-Pao, L50|\n|poke|p2|Baxcalibur, L50, M|\n|teampreview|4\n|inactive|Battle timer is ON: inactive players will automatically lose when time's up. (requested by Sa7tia)\nWaffles101 has agreed to open team sheets.\n|inactive|Waffles101 has 60 seconds left.\n|inactive|Sa7tia has 60 seconds left.\n|\n|t:|1683346923\n|start\n|switch|p1a: Palafin|Palafin, L50, M|100\/100\n|switch|p1b: Arcanine|Arcanine, L50, M|100\/100\n|switch|p2a: Indeedee|Indeedee-F, L50, F|100\/100\n|switch|p2b: Armarouge|Armarouge, L50, F|100\/100\n|-ability|p1b: Arcanine|Intimidate|boost\n|-unboost|p2a: Indeedee|atk|1\n|-unboost|p2b: Armarouge|atk|1\n|-fieldstart|move: Psychic Terrain|[from] ability: Psychic Surge|[of] p2a: Indeedee\n|turn|1\n|\n|t:|1683346938\n|detailschange|p1a: Palafin|Palafin-Hero, L50, M\n|switch|p1a: Iron Hands|Iron Hands, L50|100\/100\n|-terastallize|p2b: Armarouge|Psychic\n|move|p2a: Indeedee|Helping Hand|p2b: Armarouge\n|-singleturn|p2b: Armarouge|Helping Hand|[of] p2a: Indeedee\n|move|p1b: Arcanine|Snarl|p2a: Indeedee|[spread] p2a,p2b\n|-supereffective|p2a: Indeedee\n|-supereffective|p2b: Armarouge\n|-damage|p2a: Indeedee|87\/100\n|-damage|p2b: Armarouge|77\/100\n|-unboost|p2a: Indeedee|spa|1\n|-unboost|p2b: Armarouge|spa|1\n|move|p2b: Armarouge|Expanding Force|p1a: Iron Hands|[spread] p1a,p1b\n|-supereffective|p1a: Iron Hands\n|-crit|p1a: Iron Hands\n|-damage|p1a: Iron Hands|0 fnt\n|-damage|p1b: Arcanine|0 fnt\n|faint|p1a: Iron Hands\n|-end|p1a: Iron Hands|Quark Drive|[silent]\n|faint|p1b: Arcanine\n|\n|upkeep\n|\n|t:|1683346952\n|switch|p1b: Palafin|Palafin-Hero, L50, M|100\/100\n|switch|p1a: Amoonguss|Amoonguss, L50, F|100\/100\n|-activate|p1b: Palafin|ability: Zero to Hero\n|turn|2\n|\n|t:|1683346962\n|move|p2a: Indeedee|Follow Me|p2a: Indeedee\n|-singleturn|p2a: Indeedee|move: Follow Me\n|move|p1b: Palafin|Wave Crash|p2a: Indeedee\n|-damage|p2a: Indeedee|0 fnt\n|faint|p2a: Indeedee\n|-damage|p1b: Palafin|76\/100|[from] Recoil\n|move|p2b: Armarouge|Expanding Force|p1a: Amoonguss|[spread] p1a,p1b\n|-supereffective|p1a: Amoonguss\n|-damage|p1a: Amoonguss|0 fnt\n|-damage|p1b: Palafin|0 fnt\n|faint|p1a: Amoonguss\n|faint|p1b: Palafin\n|\n|win|Sa7tia\n|raw|Waffles101's rating: 1293 → 1275<\/strong> (-18 for losing)\n|raw|Sa7tia's rating: 1386 → 1401<\/strong> (+15 for winning)\n","uploadtime":1683346974,"views":10,"p1id":"waffles101","p2id":"sa7tia","formatid":"gen9vgc2023regulationc","rating":1275,"private":0,"password":""}