{"id":"gen9vgc2023regulationc-1862044400","p1":"Anoniemegoon","p2":"ThatOneDedenne","format":"[Gen 9] VGC 2023 Regulation C","log":"|j|\u2606Anoniemegoon\n|j|\u2606ThatOneDedenne\n|t:|1683831581\n|gametype|doubles\n|player|p1|Anoniemegoon|interviewers|1041\n|player|p2|ThatOneDedenne|rocketgruntf|1095\n|teamsize|p1|6\n|teamsize|p2|6\n|gen|9\n|tier|[Gen 9] VGC 2023 Regulation C\n|rated|\n|rule|Species Clause: Limit one of each Pok\u00e9mon\n|rule|Item Clause: Limit one of each item\n|clearpoke\n|poke|p1|Meowscarada, L50, M|\n|poke|p1|Krookodile, L50, F|\n|poke|p1|Flamigo, L50, F|\n|poke|p1|Sableye, L50, F|\n|poke|p1|Hatterene, L50, F|\n|poke|p1|Braviary, L50, M|\n|poke|p2|Tyranitar, L50, F|\n|poke|p2|Lycanroc, L50, F|\n|poke|p2|Garchomp, L50, M|\n|poke|p2|Sandaconda, L50, F|\n|poke|p2|Breloom, L50, F|\n|poke|p2|Great Tusk, L50|\n|teampreview|4\n|inactive|Battle timer is ON: inactive players will automatically lose when time's up. (requested by ThatOneDedenne)\n|\n|t:|1683831606\n|start\n|switch|p1a: Meowscarada|Meowscarada, L50, M|100\/100\n|switch|p1b: Krookodile|Krookodile, L50, F|100\/100\n|switch|p2a: Tyranitar|Tyranitar, L50, F|100\/100\n|switch|p2b: Lycanroc|Lycanroc, L50, F|100\/100\n|-weather|Sandstorm|[from] ability: Sand Stream|[of] p2a: Tyranitar\n|turn|1\n|inactive|ThatOneDedenne has 30 seconds left.\n|\n|t:|1683831640\n|-terastallize|p2a: Tyranitar|Flying\n|move|p2b: Lycanroc|Rock Slide|p1b: Krookodile|[spread] p1a,p1b\n|-resisted|p1b: Krookodile\n|-damage|p1a: Meowscarada|63\/100\n|-damage|p1b: Krookodile|82\/100\n|-enditem|p1a: Meowscarada|Eject Button\n|\n|t:|1683831664\n|switch|p1a: Flamigo|Flamigo, L50, F|100\/100\n|-copyboost|p1a: Flamigo|p1b: Krookodile|[from] ability: Costar\n|move|p1b: Krookodile|Earthquake|p2a: Tyranitar|[spread] p2b\n|-immune|p1a: Flamigo\n|-immune|p2a: Tyranitar\n|-supereffective|p2b: Lycanroc\n|-damage|p2b: Lycanroc|0 fnt\n|faint|p2b: Lycanroc\n|move|p2a: Tyranitar|Tera Blast|p1a: Flamigo\n|-supereffective|p1a: Flamigo\n|-damage|p1a: Flamigo|0 fnt\n|faint|p1a: Flamigo\n|\n|-weather|Sandstorm|[upkeep]\n|-damage|p2a: Tyranitar|95\/100|[from] Sandstorm\n|upkeep\n|c|\u2606ThatOneDedenne|lol I watched wolfey's video too\n|-message|Anoniemegoon forfeited.\n|\n|win|ThatOneDedenne\n|raw|Anoniemegoon's rating: 1041 → 1027<\/strong> (-14 for losing)\n|raw|ThatOneDedenne's rating: 1095 → 1117<\/strong> (+22 for winning)\n|l|\u2606Anoniemegoon\n","uploadtime":1683831682,"views":12,"p1id":"anoniemegoon","p2id":"thatonededenne","formatid":"gen9vgc2023regulationc","rating":1027,"private":0,"password":""}