{"id":"gen9vgc2023regulationc-1846733196","p1":"That_Leek","p2":"Jember","format":"[Gen 9] VGC 2023 Regulation C","log":"|j|\u2606That_Leek\n|j|\u2606Jember\n|t:|1681871568\n|gametype|doubles\n|player|p1|That_Leek|blue|1116\n|player|p2|Jember|169|1220\n|teamsize|p1|6\n|teamsize|p2|6\n|gen|9\n|tier|[Gen 9] VGC 2023 Regulation C\n|rated|\n|rule|Species Clause: Limit one of each Pok\u00e9mon\n|rule|Item Clause: Limit one of each item\n|clearpoke\n|poke|p1|Tyranitar, L50, F|\n|poke|p1|Gyarados, L50, M|\n|poke|p1|Scizor, L50, M|\n|poke|p1|Sandy Shocks, L50|\n|poke|p1|Amoonguss, L50, F|\n|poke|p1|Flutter Mane, L50|\n|poke|p2|Meowscarada, L50, F|\n|poke|p2|Great Tusk, L50|\n|poke|p2|Flutter Mane, L50|\n|poke|p2|Iron Bundle, L50|\n|poke|p2|Dragonite, L50, F|\n|poke|p2|Arcanine, L50, M|\n|teampreview|4\n|inactive|Battle timer is ON: inactive players will automatically lose when time's up. (requested by Jember)\nJember rejected open team sheets.\n|\n|t:|1681871604\n|start\n|switch|p1a: Flutter Mane|Flutter Mane, L50|100\/100\n|switch|p1b: Scizor|Scizor, L50, M|100\/100\n|switch|p2a: Arcanine|Arcanine, L50, M|100\/100\n|switch|p2b: Flutter Mane|Flutter Mane, L50|100\/100\n|-ability|p2a: Arcanine|Intimidate|boost\n|-unboost|p1a: Flutter Mane|atk|1\n|-fail|p1b: Scizor|unboost|[from] item: Clear Amulet|[of] p1b: Scizor\n|turn|1\n|\n|t:|1681871619\n|-end|p1a: Flutter Mane|Protosynthesis|[silent]\n|switch|p1a: Gyarados|Gyarados, L50, M|100\/100\n|-ability|p1a: Gyarados|Intimidate|boost\n|-unboost|p2a: Arcanine|atk|1\n|-unboost|p2b: Flutter Mane|atk|1\n|-end|p2b: Flutter Mane|Protosynthesis|[silent]\n|switch|p2b: Dragonite|Dragonite, L50, F|100\/100\n|switch|p1b: Tyranitar|Tyranitar, L50, F|100\/100\n|-weather|Sandstorm|[from] ability: Sand Stream|[of] p1b: Tyranitar\n|move|p2a: Arcanine|Flare Blitz|p1a: Gyarados\n|-resisted|p1a: Gyarados\n|-damage|p1a: Gyarados|79\/100\n|-damage|p2a: Arcanine|93\/100|[from] Recoil\n|\n|-weather|Sandstorm|[upkeep]\n|-damage|p2a: Arcanine|87\/100|[from] Sandstorm\n|-damage|p2b: Dragonite|94\/100|[from] Sandstorm\n|upkeep\n|turn|2\n|inactive|That_Leek has 30 seconds left.\n|inactive|Jember has 30 seconds left.\n|inactive|That_Leek has 20 seconds left.\n|inactive|That_Leek has 15 seconds left.\n|inactive|That_Leek has 10 seconds left.\n|inactive|That_Leek has 5 seconds left.\n|\n|t:|1681871674\n|switch|p2a: Meowscarada|Meowscarada, L50, F|100\/100\n|-terastallize|p2b: Dragonite|Flying\n|move|p1a: Gyarados|Dragon Dance|p1a: Gyarados\n|-boost|p1a: Gyarados|atk|1\n|-boost|p1a: Gyarados|spe|1\n|move|p2b: Dragonite|Tera Blast|p1a: Gyarados\n|-damage|p1a: Gyarados|5\/100\n|move|p1b: Tyranitar|Rock Slide|p2b: Dragonite|[spread] p2a,p2b\n|-supereffective|p2b: Dragonite\n|-damage|p2a: Meowscarada|50\/100\n|-damage|p2b: Dragonite|31\/100\n|\n|-weather|Sandstorm|[upkeep]\n|-damage|p2a: Meowscarada|45\/100|[from] Sandstorm\n|-damage|p2b: Dragonite|25\/100|[from] Sandstorm\n|upkeep\n|turn|3\n|\n|t:|1681871698\n|-terastallize|p1b: Tyranitar|Flying\n|move|p2b: Dragonite|Extreme Speed|p1a: Gyarados\n|-damage|p1a: Gyarados|0 fnt\n|faint|p1a: Gyarados\n|move|p2a: Meowscarada|Flower Trick|p1b: Tyranitar\n|-resisted|p1b: Tyranitar\n|-crit|p1b: Tyranitar\n|-damage|p1b: Tyranitar|80\/100\n|move|p1b: Tyranitar|Rock Slide|p2b: Dragonite|[spread] p2a,p2b\n|-supereffective|p2b: Dragonite\n|-damage|p2a: Meowscarada|0 fnt\n|-damage|p2b: Dragonite|0 fnt\n|faint|p2a: Meowscarada\n|faint|p2b: Dragonite\n|\n|-weather|Sandstorm|[upkeep]\n|-damage|p1b: Tyranitar|74\/100|[from] Sandstorm\n|upkeep\n|\n|t:|1681871708\n|switch|p2a: Flutter Mane|Flutter Mane, L50|100\/100\n|switch|p1a: Flutter Mane|Flutter Mane, L50|100\/100\n|switch|p2b: Arcanine|Arcanine, L50, M|87\/100\n|-ability|p2b: Arcanine|Intimidate|boost\n|-unboost|p1a: Flutter Mane|atk|1\n|-unboost|p1b: Tyranitar|atk|1\n|turn|4\n|inactive|That_Leek has 30 seconds left.\n|inactive|That_Leek has 20 seconds left.\n|inactive|That_Leek has 15 seconds left.\n|inactive|That_Leek has 10 seconds left.\n|\n|t:|1681871755\n|move|p1a: Flutter Mane|Shadow Ball|p2a: Flutter Mane\n|-supereffective|p2a: Flutter Mane\n|-damage|p2a: Flutter Mane|0 fnt\n|faint|p2a: Flutter Mane\n|-end|p2a: Flutter Mane|Protosynthesis|[silent]\n|move|p2b: Arcanine|Flare Blitz|p1b: Tyranitar\n|-damage|p1b: Tyranitar|29\/100\n|-damage|p2b: Arcanine|71\/100|[from] Recoil\n|move|p1b: Tyranitar|Rock Slide|p2b: Arcanine\n|-supereffective|p2b: Arcanine\n|-damage|p2b: Arcanine|3\/100\n|\n|-weather|Sandstorm|[upkeep]\n|-damage|p1a: Flutter Mane|94\/100|[from] Sandstorm\n|-damage|p2b: Arcanine|0 fnt|[from] Sandstorm\n|-damage|p1b: Tyranitar|24\/100|[from] Sandstorm\n|faint|p2b: Arcanine\n|\n|win|That_Leek\n|upkeep\n|raw|That_Leek's rating: 1116 → 1148<\/strong> (+32 for winning)\n|raw|Jember's rating: 1220 → 1188<\/strong> (-32 for losing)\n|l|\u2606Jember\n","uploadtime":1681871964,"views":10,"p1id":"thatleek","p2id":"jember","formatid":"gen9vgc2023regulationc","rating":1148,"private":0,"password":""}