{"id":"gen9vgc2023regulationc-1847827187","p1":"ZaxbysSauce","p2":"Sbarco","format":"[Gen 9] VGC 2023 Regulation C","log":"|j|\u2606ZaxbysSauce\n|j|\u2606Sbarco\n|t:|1682005213\n|gametype|doubles\n|player|p1|ZaxbysSauce|swimmer-gen4dp|1109\n|player|p2|Sbarco|1|1110\n|teamsize|p1|6\n|teamsize|p2|6\n|gen|9\n|tier|[Gen 9] VGC 2023 Regulation C\n|rated|\n|rule|Species Clause: Limit one of each Pok\u00e9mon\n|rule|Item Clause: Limit one of each item\n|clearpoke\n|poke|p1|Scizor, L50, M|\n|poke|p1|Chien-Pao, L50|\n|poke|p1|Talonflame, L50, F|\n|poke|p1|Iron Hands, L50|\n|poke|p1|Kingambit, L50, M|\n|poke|p1|Dragapult, L50, F|\n|poke|p2|Hydreigon, L50, F|\n|poke|p2|Annihilape, L50, F|\n|poke|p2|Glimmora, L50, F|\n|poke|p2|Ceruledge, L50, M|\n|poke|p2|Kingambit, L50, F|\n|poke|p2|Amoonguss, L50, M|\n|teampreview|4\n|inactive|Battle timer is ON: inactive players will automatically lose when time's up. (requested by Sbarco)\n|c|\u2606Sbarco|glhf\nSbarco rejected open team sheets.\n|inactive|ZaxbysSauce has 60 seconds left.\n|\n|t:|1682005252\n|start\n|switch|p1a: Pontiac|Talonflame, L50, F|100\/100\n|switch|p1b: Ice Fang|Chien-Pao, L50|100\/100\n|switch|p2a: Annihilape|Annihilape, L50, F|100\/100\n|switch|p2b: Amoonguss|Amoonguss, L50, M|100\/100\n|-ability|p1b: Ice Fang|Sword of Ruin\n|turn|1\n|\n|t:|1682005271\n|move|p2b: Amoonguss|Rage Powder|p2b: Amoonguss\n|-singleturn|p2b: Amoonguss|move: Rage Powder\n|move|p2a: Annihilape|Close Combat|p1b: Ice Fang\n|-supereffective|p1b: Ice Fang\n|-enditem|p1b: Ice Fang|Focus Sash\n|-damage|p1b: Ice Fang|1\/100\n|-unboost|p2a: Annihilape|def|1\n|-unboost|p2a: Annihilape|spd|1\n|move|p1b: Ice Fang|Ice Spinner|p2b: Amoonguss\n|-supereffective|p2b: Amoonguss\n|-damage|p2b: Amoonguss|0 fnt\n|faint|p2b: Amoonguss\n|move|p1a: Pontiac|Taunt|p2a: Annihilape\n|-start|p2a: Annihilape|move: Taunt\n|\n|upkeep\n|\n|t:|1682005285\n|switch|p2b: Ceruledge|Ceruledge, L50, M|100\/100\n|turn|2\n|inactive|ZaxbysSauce has 30 seconds left.\n|\n|t:|1682005310\n|switch|p2a: Kingambit|Kingambit, L50, F|100\/100\n|move|p1b: Ice Fang|Protect|p1b: Ice Fang\n|-singleturn|p1b: Ice Fang|Protect\n|move|p1a: Pontiac|Brave Bird|p2b: Ceruledge\n|-damage|p2b: Ceruledge|34\/100\n|-damage|p1a: Pontiac|82\/100|[from] Recoil\n|move|p2b: Ceruledge|Shadow Sneak|p1b: Ice Fang\n|-activate|p1b: Ice Fang|move: Protect\n|\n|upkeep\n|turn|3\n|\n|t:|1682005334\n|switch|p1b: Iron Hands|Iron Hands, L50|100\/100\n|move|p2b: Ceruledge|Shadow Sneak|p1b: Iron Hands\n|-damage|p1b: Iron Hands|88\/100\n|move|p2a: Kingambit|Sucker Punch||[still]\n|-fail|p2a: Kingambit\n|move|p1a: Pontiac|Will-O-Wisp|p2a: Kingambit\n|-status|p2a: Kingambit|brn\n|\n|-damage|p2a: Kingambit|95\/100 brn|[from] brn\n|upkeep\n|turn|4\n|\n|t:|1682005354\n|-terastallize|p2a: Kingambit|Ghost\n|move|p1b: Iron Hands|Fake Out|p2a: Kingambit\n|-immune|p2a: Kingambit\n|move|p2b: Ceruledge|Shadow Sneak|p1a: Pontiac\n|-damage|p1a: Pontiac|60\/100\n|move|p2a: Kingambit|Sucker Punch|p1a: Pontiac\n|-damage|p1a: Pontiac|36\/100\n|move|p1a: Pontiac|Brave Bird|p2b: Ceruledge\n|-crit|p2b: Ceruledge\n|-damage|p2b: Ceruledge|0 fnt\n|faint|p2b: Ceruledge\n|-damage|p1a: Pontiac|27\/100|[from] Recoil\n|\n|-damage|p2a: Kingambit|89\/100 brn|[from] brn\n|upkeep\n|-message|Sbarco forfeited.\n|\n|win|ZaxbysSauce\n|raw|ZaxbysSauce's rating: 1109 → 1134<\/strong> (+25 for winning)\n|raw|Sbarco's rating: 1110 → 1085<\/strong> (-25 for losing)\n|l|\u2606Sbarco\n|l|\u2606ZaxbysSauce\n|j|\u2606ZaxbysSauce\n|player|p1|ZaxbysSauce|swimmer-gen4dp\n","uploadtime":1682005391,"views":12,"p1id":"zaxbyssauce","p2id":"sbarco","formatid":"gen9vgc2023regulationc","rating":1085,"private":0,"password":""}