{"id":"gen9vgc2023regulationc-1852628717","p1":"Steakman5","p2":"LazieSquid","format":"[Gen 9] VGC 2023 Regulation C","log":"|j|\u2606Steakman5\n|j|\u2606LazieSquid\n|t:|1682587862\n|gametype|doubles\n|player|p1|Steakman5|swimmer-gen4|1177\n|player|p2|LazieSquid|fisherman-gen4|1263\n|teamsize|p1|6\n|teamsize|p2|6\n|gen|9\n|tier|[Gen 9] VGC 2023 Regulation C\n|rated|\n|rule|Species Clause: Limit one of each Pok\u00e9mon\n|rule|Item Clause: Limit one of each item\n|clearpoke\n|poke|p1|Flamigo, L50, F|\n|poke|p1|Meowscarada, L50, M|\n|poke|p1|Tauros-Paldea-Blaze, L50, M|\n|poke|p1|Dondozo, L50, M|\n|poke|p1|Flutter Mane, L50|\n|poke|p1|Tatsugiri-Droopy, L50, M|\n|poke|p2|Amoonguss, L50, F|\n|poke|p2|Flutter Mane, L50|\n|poke|p2|Ting-Lu, L50|\n|poke|p2|Ceruledge, L50, F|\n|poke|p2|Palafin, L50, M|\n|poke|p2|Scream Tail, L50|\n|teampreview|4\n|inactive|Battle timer is ON: inactive players will automatically lose when time's up. (requested by LazieSquid)\n|\n|t:|1682587892\n|start\n|switch|p1a: Meowscarada|Meowscarada, L50, M|100\/100\n|switch|p1b: Tauros|Tauros-Paldea-Blaze, L50, M|100\/100\n|switch|p2a: Scream Tail|Scream Tail, L50|100\/100\n|switch|p2b: Flutter Mane|Flutter Mane, L50|100\/100\n|-enditem|p2a: Scream Tail|Booster Energy\n|-activate|p2a: Scream Tail|ability: Protosynthesis|[fromitem]\n|-start|p2a: Scream Tail|protosynthesisspe\n|turn|1\n|\n|t:|1682587909\n|-terastallize|p2b: Flutter Mane|Fairy\n|-terastallize|p1b: Tauros|Steel\n|move|p2a: Scream Tail|Play Rough|p1a: Meowscarada\n|-supereffective|p1a: Meowscarada\n|-damage|p1a: Meowscarada|32\/100\n|move|p1a: Meowscarada|Flower Trick|p1b: Tauros\n|-start|p1a: Meowscarada|typechange|Grass|[from] ability: Protean\n|-resisted|p1b: Tauros\n|-crit|p1b: Tauros\n|-damage|p1b: Tauros|75\/100\n|-setboost|p1b: Tauros|atk|6|[from] ability: Anger Point\n|move|p2b: Flutter Mane|Dazzling Gleam|p1a: Meowscarada|[spread] p1a,p1b\n|-resisted|p1b: Tauros\n|-damage|p1a: Meowscarada|0 fnt\n|-damage|p1b: Tauros|46\/100\n|faint|p1a: Meowscarada\n|move|p1b: Tauros|Flame Charge|p2b: Flutter Mane\n|-damage|p2b: Flutter Mane|0 fnt\n|-boost|p1b: Tauros|spe|1\n|faint|p2b: Flutter Mane\n|-end|p2b: Flutter Mane|Protosynthesis|[silent]\n|\n|upkeep\n|\n|t:|1682587933\n|switch|p1a: Flamigo|Flamigo, L50, F|100\/100\n|switch|p2b: Ceruledge|Ceruledge, L50, F|100\/100\n|-copyboost|p1a: Flamigo|p1b: Tauros|[from] ability: Costar\n|turn|2\n|\n|t:|1682587947\n|move|p2a: Scream Tail|Howl|p2a: Scream Tail|[spread] p2a,p2b\n|-boost|p2a: Scream Tail|atk|1\n|-enditem|p1a: Flamigo|Mirror Herb\n|-boost|p1a: Flamigo|atk|0\n|-boost|p2b: Ceruledge|atk|1\n|move|p1b: Tauros|Earthquake|p2a: Scream Tail|[spread] p2a,p2b\n|-immune|p1a: Flamigo\n|-supereffective|p2b: Ceruledge\n|-damage|p2a: Scream Tail|28\/100\n|-damage|p2b: Ceruledge|0 fnt\n|faint|p2b: Ceruledge\n|move|p1a: Flamigo|Brave Bird|p2a: Scream Tail\n|-damage|p2a: Scream Tail|0 fnt\n|faint|p2a: Scream Tail\n|-end|p2a: Scream Tail|Protosynthesis|[silent]\n|-damage|p1a: Flamigo|89\/100|[from] Recoil\n|\n|upkeep\n|-message|LazieSquid forfeited.\n|\n|win|Steakman5\n|raw|Steakman5's rating: 1177 → 1208<\/strong> (+31 for winning)\n|raw|LazieSquid's rating: 1263 → 1232<\/strong> (-31 for losing)\n|l|\u2606LazieSquid\n","uploadtime":1682587979,"views":16,"p1id":"steakman5","p2id":"laziesquid","formatid":"gen9vgc2023regulationc","rating":1208,"private":0,"password":""}