{"id":"gen9vgc2023regulationc-1847144763","p1":"Barry Baksteen","p2":"Shnipe_Cizy","format":"[Gen 9] VGC 2023 Regulation C","log":"|j|\u2606Barry Baksteen\n|j|\u2606Shnipe_Cizy\n|t:|1681922731\n|gametype|doubles\n|player|p1|Barry Baksteen|gambler|1263\n|player|p2|Shnipe_Cizy|lance|1180\n|teamsize|p1|6\n|teamsize|p2|6\n|gen|9\n|tier|[Gen 9] VGC 2023 Regulation C\n|rated|\n|rule|Species Clause: Limit one of each Pok\u00e9mon\n|rule|Item Clause: Limit one of each item\n|clearpoke\n|poke|p1|Pelipper, L50, M|\n|poke|p1|Magneton, L50|\n|poke|p1|Iron Bundle, L50|\n|poke|p1|Tatsugiri, L50, F|\n|poke|p1|Dondozo, L50, F|\n|poke|p1|Chien-Pao, L50|\n|poke|p2|Hatterene, L50, F|\n|poke|p2|Torkoal, L50, M|\n|poke|p2|Indeedee-F, L50, F|\n|poke|p2|Hariyama, L50, F|\n|poke|p2|Oranguru, L50, M|\n|poke|p2|Kingambit, L50, F|\n|teampreview|4\nShnipe_Cizy has agreed to open team sheets.\nBarry Baksteen rejected open team sheets.\n|inactive|Battle timer is ON: inactive players will automatically lose when time's up. (requested by Shnipe_Cizy)\n|\n|t:|1681922811\n|start\n|switch|p1a: Dondozo|Dondozo, L50, F|100\/100\n|switch|p1b: Chien-Pao|Chien-Pao, L50|100\/100\n|switch|p2a: Hatterene|Hatterene, L50, F|100\/100\n|switch|p2b: Indeedee|Indeedee-F, L50, F|100\/100\n|-ability|p1b: Chien-Pao|Sword of Ruin\n|-fieldstart|move: Psychic Terrain|[from] ability: Psychic Surge|[of] p2b: Indeedee\n|-enditem|p2b: Indeedee|Psychic Seed\n|-boost|p2b: Indeedee|spd|1|[from] item: Psychic Seed\n|turn|1\n|\n|t:|1681922825\n|move|p2b: Indeedee|Follow Me|p2b: Indeedee\n|-singleturn|p2b: Indeedee|move: Follow Me\n|move|p1b: Chien-Pao|Sacred Sword|p2b: Indeedee\n|-damage|p2b: Indeedee|65\/100\n|move|p1a: Dondozo|Fissure|p2b: Indeedee|[miss]\n|-miss|p1a: Dondozo|p2b: Indeedee\n|move|p2a: Hatterene|Trick Room|p2a: Hatterene\n|-fieldstart|move: Trick Room|[of] p2a: Hatterene\n|\n|upkeep\n|turn|2\n|\n|t:|1681922837\n|move|p1b: Chien-Pao|Protect|p1b: Chien-Pao\n|-singleturn|p1b: Chien-Pao|Protect\n|move|p2b: Indeedee|Follow Me|p2b: Indeedee\n|-singleturn|p2b: Indeedee|move: Follow Me\n|move|p2a: Hatterene|Psychic|p1a: Dondozo\n|-damage|p1a: Dondozo|5\/100\n|-damage|p2a: Hatterene|91\/100|[from] item: Life Orb\n|move|p1a: Dondozo|Rain Dance|p1a: Dondozo\n|-weather|RainDance\n|\n|-weather|RainDance|[upkeep]\n|-heal|p1a: Dondozo|11\/100|[from] item: Leftovers\n|upkeep\n|turn|3\n|\n|t:|1681922858\n|move|p1a: Dondozo|Protect|p1a: Dondozo\n|-singleturn|p1a: Dondozo|Protect\n|move|p2a: Hatterene|Dazzling Gleam|p1a: Dondozo|[spread] p1b\n|-activate|p1a: Dondozo|move: Protect\n|-supereffective|p1b: Chien-Pao\n|-enditem|p1b: Chien-Pao|Focus Sash\n|-damage|p1b: Chien-Pao|1\/100\n|-damage|p2a: Hatterene|81\/100|[from] item: Life Orb\n|move|p2b: Indeedee|Dazzling Gleam|p1a: Dondozo|[spread] p1b\n|-activate|p1a: Dondozo|move: Protect\n|-supereffective|p1b: Chien-Pao\n|-damage|p1b: Chien-Pao|0 fnt\n|faint|p1b: Chien-Pao\n|\n|-weather|RainDance|[upkeep]\n|-heal|p1a: Dondozo|17\/100|[from] item: Leftovers\n|upkeep\n|-message|Barry Baksteen forfeited.\n|\n|win|Shnipe_Cizy\n|raw|Barry Baksteen's rating: 1263 → 1232<\/strong> (-31 for losing)\n|raw|Shnipe_Cizy's rating: 1180 → 1211<\/strong> (+31 for winning)\n|l|\u2606Barry Baksteen\n","uploadtime":1681922879,"views":11,"p1id":"barrybaksteen","p2id":"shnipecizy","formatid":"gen9vgc2023regulationc","rating":1211,"private":0,"password":""}