{"id":"gen9vgc2023regulationc-1848032093","p1":"totempancho","p2":"newklear","format":"[Gen 9] VGC 2023 Regulation C","log":"|j|\u2606totempancho\n|j|\u2606newklear\n|t:|1682022458\n|gametype|doubles\n|player|p1|totempancho|medium|1211\n|player|p2|newklear|1|1171\n|teamsize|p1|6\n|teamsize|p2|6\n|gen|9\n|tier|[Gen 9] VGC 2023 Regulation C\n|rated|\n|rule|Species Clause: Limit one of each Pok\u00e9mon\n|rule|Item Clause: Limit one of each item\n|clearpoke\n|poke|p1|Arcanine, L50, F|\n|poke|p1|Maushold-Four, L50|\n|poke|p1|Volcarona, L50, M|\n|poke|p1|Sandy Shocks, L50|\n|poke|p1|Frosmoth, L50, F|\n|poke|p1|Abomasnow, L50, M|\n|poke|p2|Tsareena, L50, F|\n|poke|p2|Gyarados, L50, F|\n|poke|p2|Ting-Lu, L50|\n|poke|p2|Dragapult, L50, M|\n|poke|p2|Volcarona, L50, M|\n|poke|p2|Azumarill, L50, F|\n|teampreview|4\n|inactive|Battle timer is ON: inactive players will automatically lose when time's up. (requested by newklear)\n|inactive|totempancho has 60 seconds left.\nnewklear rejected open team sheets.\n|\n|t:|1682022508\n|start\n|switch|p1a: Arcanine|Arcanine, L50, F|100\/100\n|switch|p1b: Maushold|Maushold-Four, L50|100\/100\n|switch|p2a: Dragapult|Dragapult, L50, M|100\/100\n|switch|p2b: Azumarill|Azumarill, L50, F|100\/100\n|turn|1\n|inactive|newklear has 30 seconds left.\n|\n|t:|1682022536\n|switch|p2a: Gyarados|Gyarados, L50, F|100\/100\n|-ability|p2a: Gyarados|Intimidate|boost\n|-unboost|p1a: Arcanine|atk|1\n|-unboost|p1b: Maushold|atk|1\n|-terastallize|p1a: Arcanine|Water\n|move|p1b: Maushold|Beat Up|p1a: Arcanine\n|-damage|p1a: Arcanine|98\/100\n|-ability|p1a: Arcanine|Justified|boost\n|-boost|p1a: Arcanine|atk|1\n|-enditem|p2a: Gyarados|Mirror Herb\n|-boost|p2a: Gyarados|atk|1|[from] item: Mirror Herb\n|-damage|p1a: Arcanine|97\/100\n|-ability|p1a: Arcanine|Justified|boost\n|-boost|p1a: Arcanine|atk|1\n|-damage|p1a: Arcanine|95\/100\n|-ability|p1a: Arcanine|Justified|boost\n|-boost|p1a: Arcanine|atk|1\n|-damage|p1a: Arcanine|94\/100\n|-ability|p1a: Arcanine|Justified|boost\n|-boost|p1a: Arcanine|atk|1\n|-hitcount|p1a: Arcanine|4\n|move|p1a: Arcanine|Flame Charge|p2a: Gyarados\n|-resisted|p2a: Gyarados\n|-damage|p2a: Gyarados|57\/100\n|-boost|p1a: Arcanine|spe|1\n|-damage|p1a: Arcanine|84\/100|[from] item: Life Orb\n|move|p2b: Azumarill|Liquidation|p1a: Arcanine\n|-resisted|p1a: Arcanine\n|-damage|p1a: Arcanine|61\/100\n|\n|upkeep\n|turn|2\n|inactive|totempancho has 30 seconds left.\n|\n|t:|1682022569\n|move|p1a: Arcanine|Extreme Speed|p2a: Gyarados\n|-damage|p2a: Gyarados|0 fnt\n|faint|p2a: Gyarados\n|-damage|p1a: Arcanine|51\/100|[from] item: Life Orb\n|move|p1b: Maushold|Follow Me|p1b: Maushold\n|-singleturn|p1b: Maushold|move: Follow Me\n|move|p2b: Azumarill|Liquidation|p1b: Maushold\n|-damage|p1b: Maushold|49\/100\n|\n|upkeep\n|\n|t:|1682022577\n|switch|p2a: Dragapult|Dragapult, L50, M|100\/100\n|turn|3\n|\n|t:|1682022592\n|move|p2a: Dragapult|Protect|p2a: Dragapult\n|-singleturn|p2a: Dragapult|Protect\n|move|p1a: Arcanine|Extreme Speed|p2b: Azumarill\n|-crit|p2b: Azumarill\n|-damage|p2b: Azumarill|0 fnt\n|faint|p2b: Azumarill\n|-damage|p1a: Arcanine|41\/100|[from] item: Life Orb\n|move|p1b: Maushold|Follow Me|p1b: Maushold\n|-singleturn|p1b: Maushold|move: Follow Me\n|\n|upkeep\n|-message|newklear forfeited.\n|\n|win|totempancho\n|raw|totempancho's rating: 1211 → 1233<\/strong> (+22 for winning)\n|raw|newklear's rating: 1171 → 1149<\/strong> (-22 for losing)\n|l|\u2606newklear\n","uploadtime":1682022607,"views":14,"p1id":"totempancho","p2id":"newklear","formatid":"gen9vgc2023regulationc","rating":1149,"private":0,"password":""}