{"id":"gen9vgc2023regulationc-1861222588","p1":"NeuroticTC","p2":"TStorm","format":"[Gen 9] VGC 2023 Regulation C","log":"|j|\u2606NeuroticTC\n|j|\u2606TStorm\n|t:|1683737187\n|gametype|doubles\n|player|p1|NeuroticTC|boarder|\n|player|p2|TStorm|170|\n|teamsize|p1|6\n|teamsize|p2|6\n|gen|9\n|tier|[Gen 9] VGC 2023 Regulation C\n|rated|Tournament battle\n|rule|Species Clause: Limit one of each Pok\u00e9mon\n|rule|Item Clause: Limit one of each item\n|clearpoke\n|poke|p1|Brute Bonnet, L50|\n|poke|p1|Murkrow, L50, M|\n|poke|p1|Farigiraf, L50, F|\n|poke|p1|Chi-Yu, L50|\n|poke|p1|Flutter Mane, L50|\n|poke|p1|Great Tusk, L50|\n|poke|p2|Ting-Lu, L50|\n|poke|p2|Kingambit, L50, F|\n|poke|p2|Arcanine, L50, F|\n|poke|p2|Palafin, L50, F|\n|poke|p2|Amoonguss, L50, M|\n|poke|p2|Flutter Mane, L50|\n|teampreview|4\n|raw| Open Team Sheet for NeuroticTC<\/summary>Brute Bonnet @ Loaded Dice Ability: Protosynthesis Level: 50 Tera Type: Dark - Spore - Rage Powder - Bullet Seed - Sucker Punch Murkrow (M) @ Eject Button Ability: Prankster Level: 50 Shiny: Yes Tera Type: Flying - Brave Bird - Tailwind - Haze - Sunny Day Farigiraf (F) @ Focus Sash Ability: Armor Tail Level: 50 Tera Type: Psychic - Hyper Voice - Psychic - Trick Room - Imprison Chi-Yu @ Life Orb Ability: Beads of Ruin Level: 50 Tera Type: Grass - Heat Wave - Protect - Tera Blast - Dark Pulse Flutter Mane @ Booster Energy Ability: Protosynthesis Level: 50 Tera Type: Fairy - Power Gem - Shadow Ball - Moonblast - Protect Great Tusk @ Choice Scarf Ability: Protosynthesis Level: 50 Tera Type: Steel - Close Combat - Headlong Rush - Rock Slide - Earthquake <\/details><\/div> Open Team Sheet for TStorm<\/summary>Ting-Lu @ Assault Vest Ability: Vessel of Ruin Level: 50 Tera Type: Poison - Stomping Tantrum - Heavy Slam - Stone Edge - Ruination Kingambit (F) @ Lum Berry Ability: Defiant Level: 50 Tera Type: Dark - Kowtow Cleave - Swords Dance - Sucker Punch - Protect Arcanine (F) @ Safety Goggles Ability: Intimidate Level: 50 Tera Type: Flying - Flare Blitz - Will-O-Wisp - Howl - Protect Palafin (F) @ Mystic Water Ability: Zero to Hero Level: 50 Tera Type: Water - Wave Crash - Jet Punch - Haze - Protect Amoonguss (M) @ Sitrus Berry Ability: Regenerator Level: 50 Tera Type: Water - Pollen Puff - Rage Powder - Spore - Protect Flutter Mane @ Choice Specs Ability: Protosynthesis Level: 50 Tera Type: Fairy - Moonblast - Shadow Ball - Dazzling Gleam - Thunderbolt <\/details><\/div>\n|j| Amazingcatman87\n|j| RickKarsdrop\n|j| LordBennyG\n|c|\u2606TStorm|glhf????\n|j| Mut-antVGC\n|c|\u2606NeuroticTC|you too???\n|j| Uahhhh\n|inactive|Battle timer is ON: inactive players will automatically lose when time's up. (requested by NeuroticTC)\n|j| LoafOfGodlyBread\n|l| RickKarsdrop\n|inactive|TStorm has 60 seconds left.\n|\n|t:|1683737267\n|start\n|switch|p1a: Chi-Yu|Chi-Yu, L50|100\/100\n|switch|p1b: Great Tusk|Great Tusk, L50|100\/100\n|switch|p2a: Arcanine|Arcanine, L50, F|100\/100\n|switch|p2b: Palafin|Palafin, L50, F|100\/100\n|-ability|p1a: Chi-Yu|Beads of Ruin\n|-ability|p2a: Arcanine|Intimidate|boost\n|-unboost|p1a: Chi-Yu|atk|1\n|-unboost|p1b: Great Tusk|atk|1\n|turn|1\n|\n|t:|1683737290\n|detailschange|p2b: Palafin|Palafin-Hero, L50, F\n|switch|p2b: Ting-Lu|Ting-Lu, L50|100\/100\n|-ability|p2b: Ting-Lu|Vessel of Ruin\n|-terastallize|p1a: Chi-Yu|Grass\n|-terastallize|p2a: Arcanine|Flying\n|move|p1b: Great Tusk|Headlong Rush|p2a: Arcanine\n|-immune|p2a: Arcanine\n|move|p1a: Chi-Yu|Dark Pulse|p2a: Arcanine\n|-damage|p2a: Arcanine|51\/100\n|-damage|p1a: Chi-Yu|90\/100|[from] item: Life Orb\n|cant|p2a: Arcanine|flinch\n|\n|upkeep\n|turn|2\n|inactive|TStorm has 30 seconds left.\n|\n|t:|1683737320\n|-end|p1b: Great Tusk|Protosynthesis|[silent]\n|switch|p1b: Flutter Mane|Flutter Mane, L50|100\/100\n|-enditem|p1b: Flutter Mane|Booster Energy\n|-activate|p1b: Flutter Mane|ability: Protosynthesis|[fromitem]\n|-start|p1b: Flutter Mane|protosynthesisspe\n|move|p1a: Chi-Yu|Protect|p1a: Chi-Yu\n|-singleturn|p1a: Chi-Yu|Protect\n|move|p2a: Arcanine|Will-O-Wisp|p1b: Flutter Mane\n|-status|p1b: Flutter Mane|brn\n|move|p2b: Ting-Lu|Ruination|p1a: Chi-Yu\n|-activate|p1a: Chi-Yu|move: Protect\n|\n|-damage|p1b: Flutter Mane|94\/100 brn|[from] brn\n|upkeep\n|turn|3\n|inactive|NeuroticTC has 30 seconds left.\n|j| Radio Free C-Side\n|\n|t:|1683737349\n|move|p2a: Arcanine|Protect|p2a: Arcanine\n|-singleturn|p2a: Arcanine|Protect\n|move|p1b: Flutter Mane|Moonblast|p2b: Ting-Lu\n|-supereffective|p2b: Ting-Lu\n|-damage|p2b: Ting-Lu|57\/100\n|-unboost|p2b: Ting-Lu|spa|1\n|move|p1a: Chi-Yu|Tera Blast|p2b: Ting-Lu\n|-supereffective|p2b: Ting-Lu\n|-damage|p2b: Ting-Lu|9\/100\n|-damage|p1a: Chi-Yu|80\/100|[from] item: Life Orb\n|move|p2b: Ting-Lu|Heavy Slam|p1b: Flutter Mane\n|-supereffective|p1b: Flutter Mane\n|-damage|p1b: Flutter Mane|0 fnt\n|faint|p1b: Flutter Mane\n|-end|p1b: Flutter Mane|Protosynthesis|[silent]\n|\n|upkeep\n|\n|t:|1683737362\n|switch|p1b: Great Tusk|Great Tusk, L50|100\/100\n|turn|4\n|j| AmongusMAster5678\n|inactive|TStorm has 30 seconds left.\n|\n|t:|1683737397\n|switch|p2a: Palafin|Palafin-Hero, L50, F|100\/100\n|-activate|p2a: Palafin|ability: Zero to Hero\n|move|p1b: Great Tusk|Rock Slide|p2b: Ting-Lu|[spread] p2a,p2b\n|-resisted|p2b: Ting-Lu\n|-damage|p2a: Palafin|80\/100\n|-damage|p2b: Ting-Lu|3\/100\n|move|p1a: Chi-Yu|Tera Blast|p2a: Palafin\n|-supereffective|p2a: Palafin\n|-damage|p2a: Palafin|0 fnt\n|faint|p2a: Palafin\n|-damage|p1a: Chi-Yu|70\/100|[from] item: Life Orb\n|move|p2b: Ting-Lu|Ruination|p1a: Chi-Yu\n|-damage|p1a: Chi-Yu|36\/100\n|\n|upkeep\n|\n|t:|1683737414\n|switch|p2a: Arcanine|Arcanine, L50, F, tera:Flying|51\/100\n|-ability|p2a: Arcanine|Intimidate|boost\n|-unboost|p1a: Chi-Yu|atk|1\n|-unboost|p1b: Great Tusk|atk|1\n|turn|5\n|-message|TStorm forfeited.\n|\n|win|NeuroticTC\n|n|\u2606NeuroticTC|neurotictc\n|n|\u2606TStorm|tstorm\n|n| Amazingcatman87|amazingcatman87\n|n| LordBennyG|lordbennyg\n|n| Mut-antVGC|mutantvgc\n|n| Uahhhh|uahhhh\n|n| LoafOfGodlyBread|loafofgodlybread\n|n| Radio Free C-Side|radiofreecside\n|n| AmongusMAster5678|amongusmaster5678\n|c|\u2606NeuroticTC|gg\n|l| Radio Free C-Side\n|l| LoafOfGodlyBread\n|l| Mut-antVGC\n|l| LordBennyG\n|l| Uahhhh\n","uploadtime":1683737461,"views":8,"p1id":"neurotictc","p2id":"tstorm","formatid":"gen9vgc2023regulationc","rating":0,"private":0,"password":""}