{"id":"gen9vgc2023regulationc-1863113283","p1":"Bubblekid","p2":"untitled860","format":"[Gen 9] VGC 2023 Regulation C","log":"|j|\u2606Bubblekid\n|j|\u2606untitled860\n|t:|1683972718\n|gametype|doubles\n|player|p1|Bubblekid|hoopster|\n|player|p2|untitled860|265|\n|teamsize|p1|6\n|teamsize|p2|6\n|gen|9\n|tier|[Gen 9] VGC 2023 Regulation C\n|rated|Tournament battle\n|rule|Species Clause: Limit one of each Pok\u00e9mon\n|rule|Item Clause: Limit one of each item\n|clearpoke\n|poke|p1|Amoonguss, L50, M|\n|poke|p1|Orthworm, L50, M|\n|poke|p1|Blissey, L50, F|\n|poke|p1|Lokix, L50, F|\n|poke|p1|Great Tusk, L50|\n|poke|p1|Dondozo, L50, F|\n|poke|p2|Abomasnow, L50, F|\n|poke|p2|Froslass, L50, F|\n|poke|p2|Iron Bundle, L50|\n|poke|p2|Chien-Pao, L50|\n|poke|p2|Baxcalibur, L50, M|\n|poke|p2|Rotom-Frost, L50|\n|teampreview|4\n|raw| Open Team Sheet for Bubblekid<\/summary>Amoonguss @ Leftovers Ability: Effect Spore Level: 50 Tera Type: Normal - Spore - Toxic - Sludge Bomb - Giga Drain Orthworm @ Rocky Helmet Ability: Earth Eater Level: 50 Tera Type: Flying - Iron Defense - Body Press - Earthquake - Rock Slide Blissey (F) @ Wiki Berry Ability: Serene Grace Level: 50 Tera Type: Normal - Shadow Ball - Soft-Boiled - Calm Mind - Stored Power Lokix @ Life Orb Ability: Swarm Level: 50 Tera Type: Water - First Impression - Sucker Punch - Swords Dance - Low Kick Great Tusk @ Booster Energy Ability: Protosynthesis Level: 50 Hidden Power: Fighting Tera Type: Ground - Earthquake - Body Press - Rock Slide - Ice Spinner Dondozo @ Iapapa Berry Ability: Unaware Level: 50 Tera Type: Ground - Liquidation - Order Up - Yawn - Earthquake <\/details><\/div> Open Team Sheet for untitled860<\/summary>Abomasnow @ Icy Rock Ability: Snow Warning Level: 50 Tera Type: Water - Blizzard - Leaf Storm - Protect - Aurora Veil Froslass (F) @ Bright Powder Ability: Snow Cloak Level: 50 Tera Type: Fire - Blizzard - Shadow Ball - Tera Blast - Protect Iron Bundle @ Booster Energy Ability: Quark Drive Level: 50 Tera Type: Ghost - Blizzard - Hydro Pump - Freeze-Dry - Protect Chien-Pao @ Focus Sash Ability: Sword of Ruin Level: 50 Tera Type: Fighting - Sacred Sword - Throat Chop - Protect - Haze Baxcalibur @ Choice Scarf Ability: Thermal Exchange Level: 50 Tera Type: Ground - Earthquake - Glaive Rush - Icicle Spear - Brick Break Rotom (Rotom-Frost) @ Choice Specs Ability: Levitate Level: 50 Tera Type: Fairy - Blizzard - Volt Switch - Trick - Thunderbolt <\/details><\/div>\n|inactive|Battle timer is ON: inactive players will automatically lose when time's up. (requested by Bubblekid)\n|inactive|untitled860 has 60 seconds left.\n|inactive|Bubblekid has 60 seconds left.\n|\n|t:|1683972833\n|start\n|switch|p1a: Lokix|Lokix, L50, F|100\/100\n|switch|p1b: Dondozo|Dondozo, L50, F|100\/100\n|switch|p2a: Chien-Pao|Chien-Pao, L50|100\/100\n|switch|p2b: Rotom|Rotom-Frost, L50|100\/100\n|-ability|p2a: Chien-Pao|Sword of Ruin\n|turn|1\n|\n|t:|1683972857\n|move|p2a: Chien-Pao|Protect|p2a: Chien-Pao\n|-singleturn|p2a: Chien-Pao|Protect\n|move|p1a: Lokix|First Impression|p2a: Chien-Pao\n|-activate|p2a: Chien-Pao|move: Protect\n|move|p2b: Rotom|Volt Switch|p1b: Dondozo\n|-supereffective|p1b: Dondozo\n|-crit|p1b: Dondozo\n|-damage|p1b: Dondozo|0 fnt\n|faint|p1b: Dondozo\n|\n|t:|1683972866\n|switch|p2b: Abomasnow|Abomasnow, L50, F|100\/100|[from] Volt Switch\n|-weather|Snow|[from] ability: Snow Warning|[of] p2b: Abomasnow\n|\n|-weather|Snow|[upkeep]\n|upkeep\n|\n|t:|1683972877\n|switch|p1b: Blissey|Blissey, L50, F|100\/100\n|turn|2\n|\n|t:|1683972892\n|-terastallize|p2a: Chien-Pao|Fighting\n|move|p2a: Chien-Pao|Sacred Sword|p1b: Blissey\n|-supereffective|p1b: Blissey\n|-damage|p1b: Blissey|0 fnt\n|faint|p1b: Blissey\n|move|p1a: Lokix|Swords Dance|p1a: Lokix\n|-boost|p1a: Lokix|atk|2\n|move|p2b: Abomasnow|Aurora Veil|p2b: Abomasnow\n|-sidestart|p2: untitled860|move: Aurora Veil\n|\n|-weather|Snow|[upkeep]\n|upkeep\n|\n|t:|1683972895\n|switch|p1b: Orthworm|Orthworm, L50, M|100\/100\n|turn|3\n|j| Bakonlikescufant\n|\n|t:|1683972920\n|move|p2a: Chien-Pao|Sacred Sword|p1a: Lokix\n|-damage|p1a: Lokix|18\/100\n|move|p1a: Lokix|Low Kick|p2a: Chien-Pao\n|-damage|p2a: Chien-Pao|27\/100\n|-damage|p1a: Lokix|9\/100|[from] item: Life Orb\n|move|p1b: Orthworm|Iron Defense|p1b: Orthworm\n|-boost|p1b: Orthworm|def|2\n|move|p2b: Abomasnow|Blizzard|p1a: Lokix|[spread] p1a,p1b\n|-resisted|p1b: Orthworm\n|-crit|p1b: Orthworm\n|-damage|p1a: Lokix|0 fnt\n|-damage|p1b: Orthworm|41\/100\n|faint|p1a: Lokix\n|\n|-weather|Snow|[upkeep]\n|upkeep\n|turn|4\n|\n|t:|1683972934\n|move|p2a: Chien-Pao|Sacred Sword|p1b: Orthworm\n|-supereffective|p1b: Orthworm\n|-damage|p1b: Orthworm|0 fnt\n|-damage|p2a: Chien-Pao|11\/100|[from] item: Rocky Helmet|[of] p1b: Orthworm\n|faint|p1b: Orthworm\n|\n|win|untitled860\n|n|\u2606Bubblekid|bubblekid\n|n|\u2606untitled860|untitled860\n|n| Bakonlikescufant|bakonlikescufant\n","uploadtime":1683972935,"views":13,"p1id":"bubblekid","p2id":"untitled860","formatid":"gen9vgc2023regulationc","rating":0,"private":0,"password":""}