{"id":"gen9vgc2023regulationc-1853455942","p1":"RamXCore","p2":"CampionedeiNovanta","format":"[Gen 9] VGC 2023 Regulation C","log":"|j|\u2606RamXCore\n|j|\u2606CampionedeiNovanta\n|t:|1682687019\n|gametype|doubles\n|player|p1|RamXCore|102|\n|player|p2|CampionedeiNovanta|cyclist|\n|teamsize|p1|6\n|teamsize|p2|6\n|gen|9\n|tier|[Gen 9] VGC 2023 Regulation C\n|rated|Tournament battle\n|rule|Species Clause: Limit one of each Pok\u00e9mon\n|rule|Item Clause: Limit one of each item\n|clearpoke\n|poke|p1|Gholdengo, L50|\n|poke|p1|Dondozo, L50, M|\n|poke|p1|Wo-Chien, L50|\n|poke|p1|Chien-Pao, L50|\n|poke|p1|Arcanine, L50, M|\n|poke|p1|Tatsugiri, L50, M|\n|poke|p2|Chien-Pao, L50|\n|poke|p2|Dragonite, L50, M|\n|poke|p2|Flutter Mane, L50|\n|poke|p2|Arcanine, L50, F|\n|poke|p2|Kingambit, L50, F|\n|poke|p2|Amoonguss, L50, M|\n|teampreview|4\n|raw| Open Team Sheet for RamXCore<\/summary>Gholdengo @ Choice Specs Ability: Good as Gold Level: 50 Tera Type: Steel - Make It Rain - Shadow Ball - Thunderbolt - Trick Dondozo @ Life Orb Ability: Oblivious Level: 50 Tera Type: Fire - Wave Crash - Earthquake - Tera Blast - Rock Slide Wo-Chien @ Assault Vest Ability: Tablets of Ruin Level: 50 Tera Type: Water - Giga Drain - Dark Pulse - Tera Blast - Ruination Chien-Pao @ Focus Sash Ability: Sword of Ruin Level: 50 Tera Type: Ghost - Ice Spinner - Sucker Punch - Sacred Sword - Haze Arcanine @ Safety Goggles Ability: Intimidate Level: 50 Tera Type: Normal - Flare Blitz - Extreme Speed - Will-O-Wisp - Protect Tatsugiri @ Choice Scarf Ability: Commander Level: 50 Tera Type: Steel - Draco Meteor - Muddy Water - Icy Wind - Dragon Pulse <\/details><\/div> Open Team Sheet for CampionedeiNovanta<\/summary>Chien-Pao @ Focus Sash Ability: Sword of Ruin Level: 50 Tera Type: Ghost - Ice Spinner - Sucker Punch - Sacred Sword - Protect Dragonite @ Choice Band Ability: Inner Focus Level: 50 Shiny: Yes Tera Type: Normal - Aerial Ace - Extreme Speed - Stomping Tantrum - Facade Crinealato (Flutter Mane) @ Booster Energy Ability: Protosynthesis Level: 50 Tera Type: Water - Shadow Ball - Moonblast - Dazzling Gleam - Protect Arcanine @ Safety Goggles Ability: Intimidate Level: 50 Tera Type: Water - Flare Blitz - Howl - Will-O-Wisp - Extreme Speed Kingambit @ Lum Berry Ability: Defiant Level: 50 Tera Type: Dark - Assurance - Iron Head - Sucker Punch - Protect Amoonguss @ Rocky Helmet Ability: Regenerator Level: 50 Tera Type: Water - Spore - Rage Powder - Pollen Puff - Clear Smog <\/details><\/div>\n|inactive|Battle timer is ON: inactive players will automatically lose when time's up. (requested by RamXCore)\n|j| regidrago=crab\n|\n|t:|1682687058\n|start\n|switch|p1a: Gholdengo|Gholdengo, L50|100\/100\n|switch|p1b: Dondozo|Dondozo, L50, M|100\/100\n|switch|p2a: Kingambit|Kingambit, L50, F|100\/100\n|switch|p2b: Arcanine|Arcanine, L50, F|100\/100\n|-ability|p2b: Arcanine|Intimidate|boost\n|-unboost|p1a: Gholdengo|atk|1\n|-fail|p1b: Dondozo|unboost|Attack|[from] ability: Oblivious|[of] p1b: Dondozo\n|turn|1\n|inactive|RamXCore has 30 seconds left.\n|inactive|CampionedeiNovanta has 30 seconds left.\n|inactive|RamXCore has 20 seconds left.\n|inactive|CampionedeiNovanta has 20 seconds left.\n|inactive|CampionedeiNovanta has 15 seconds left.\n|inactive|CampionedeiNovanta has 10 seconds left.\n|inactive|CampionedeiNovanta has 5 seconds left.\n|\n|t:|1682687109\n|switch|p1a: Tatsugiri|Tatsugiri, L50, M|100\/100\n|-activate|p1a: Tatsugiri|ability: Commander|[of] p1b: Dondozo\n|-boost|p1b: Dondozo|atk|2\n|-boost|p1b: Dondozo|spa|2\n|-boost|p1b: Dondozo|spe|2\n|-boost|p1b: Dondozo|def|2\n|-boost|p1b: Dondozo|spd|2\n|switch|p2b: Amoonguss|Amoonguss, L50, M|100\/100\n|move|p1b: Dondozo|Earthquake|p2b: Amoonguss|[spread] p2a,p2b\n|-miss|p1b: Dondozo|p1a: Tatsugiri\n|-supereffective|p2a: Kingambit\n|-damage|p2a: Kingambit|8\/100\n|-damage|p2b: Amoonguss|51\/100\n|-damage|p1b: Dondozo|91\/100|[from] item: Life Orb\n|move|p2a: Kingambit|Assurance|p1b: Dondozo\n|-damage|p1b: Dondozo|66\/100\n|\n|upkeep\n|turn|2\n|\n|t:|1682687130\n|switch|p2a: Arcanine|Arcanine, L50, F|100\/100\n|-ability|p2a: Arcanine|Intimidate|boost\n|-unboost|p1a: Tatsugiri|atk|1\n|-fail|p1b: Dondozo|unboost|Attack|[from] ability: Oblivious|[of] p1b: Dondozo\n|-terastallize|p1b: Dondozo|Fire\n|move|p1b: Dondozo|Tera Blast|p2b: Amoonguss\n|-supereffective|p2b: Amoonguss\n|-damage|p2b: Amoonguss|0 fnt\n|faint|p2b: Amoonguss\n|-damage|p1b: Dondozo|56\/100|[from] item: Life Orb\n|\n|upkeep\n|\n|t:|1682687153\n|switch|p2b: Crinealato|Flutter Mane, L50|100\/100\n|-enditem|p2b: Crinealato|Booster Energy\n|-activate|p2b: Crinealato|ability: Protosynthesis|[fromitem]\n|-start|p2b: Crinealato|protosynthesisspa\n|turn|3\n|\n|t:|1682687168\n|-terastallize|p2b: Crinealato|Water\n|move|p2a: Arcanine|Extreme Speed|p1b: Dondozo\n|-damage|p1b: Dondozo|48\/100\n|move|p2b: Crinealato|Moonblast|p1b: Dondozo\n|-resisted|p1b: Dondozo\n|-damage|p1b: Dondozo|32\/100\n|move|p1b: Dondozo|Earthquake|p2a: Arcanine|[spread] p2a,p2b\n|-miss|p1b: Dondozo|p1a: Tatsugiri\n|-supereffective|p2a: Arcanine\n|-damage|p2a: Arcanine|0 fnt\n|-damage|p2b: Crinealato|0 fnt\n|faint|p2a: Arcanine\n|faint|p2b: Crinealato\n|-end|p2b: Crinealato|Protosynthesis|[silent]\n|-damage|p1b: Dondozo|22\/100|[from] item: Life Orb\n|\n|upkeep\n|-message|CampionedeiNovanta forfeited.\n|\n|win|RamXCore\n|n|\u2606RamXCore|ramxcore\n|n|\u2606CampionedeiNovanta|campionedeinovanta\n|n| regidrago=crab|regidragocrab\n|l|\u2606CampionedeiNovanta\n","uploadtime":1682687184,"views":15,"p1id":"ramxcore","p2id":"campionedeinovanta","formatid":"gen9vgc2023regulationc","rating":0,"private":0,"password":""}