{"id":"gen9vgc2023regulationc-1859897916","p1":"rebiv3","p2":"Garglesoc","format":"[Gen 9] VGC 2023 Regulation C","log":"|j|\u2606rebiv3\n|j|\u2606Garglesoc\n|t:|1683573851\n|gametype|doubles\n|player|p1|rebiv3|ethan|1311\n|player|p2|Garglesoc|2|1241\n|teamsize|p1|6\n|teamsize|p2|6\n|gen|9\n|tier|[Gen 9] VGC 2023 Regulation C\n|rated|\n|rule|Species Clause: Limit one of each Pok\u00e9mon\n|rule|Item Clause: Limit one of each item\n|clearpoke\n|poke|p1|Baxcalibur, L50, M|\n|poke|p1|Talonflame, L50, F|\n|poke|p1|Iron Bundle, L50|\n|poke|p1|Abomasnow, L50, F|\n|poke|p1|Flutter Mane, L50|\n|poke|p1|Chi-Yu, L50|\n|poke|p2|Tyranitar, L50, F|\n|poke|p2|Lycanroc, L50, F|\n|poke|p2|Amoonguss, L50, F|\n|poke|p2|Gyarados, L50, M|\n|poke|p2|Flutter Mane, L50|\n|poke|p2|Iron Bundle, L50|\n|teampreview|4\n|inactive|Battle timer is ON: inactive players will automatically lose when time's up. (requested by rebiv3)\n|inactive|rebiv3 has 60 seconds left.\n|\n|t:|1683573889\n|start\n|switch|p1a: Flutter Mane|Flutter Mane, L50|100\/100\n|switch|p1b: Chi-Yu|Chi-Yu, L50|100\/100\n|switch|p2a: Flutter Mane|Flutter Mane, L50|100\/100\n|switch|p2b: Iron Bundle|Iron Bundle, L50|100\/100\n|-ability|p1b: Chi-Yu|Beads of Ruin\n|-enditem|p2b: Iron Bundle|Booster Energy\n|-activate|p2b: Iron Bundle|ability: Quark Drive|[fromitem]\n|-start|p2b: Iron Bundle|quarkdrivespe\n|turn|1\n|\n|t:|1683573910\n|-terastallize|p1a: Flutter Mane|Fairy\n|-terastallize|p2a: Flutter Mane|Fairy\n|move|p2b: Iron Bundle|Icy Wind|p1b: Chi-Yu|[spread] p1a,p1b\n|-crit|p1a: Flutter Mane\n|-resisted|p1b: Chi-Yu\n|-damage|p1a: Flutter Mane|60\/100\n|-damage|p1b: Chi-Yu|89\/100\n|-unboost|p1a: Flutter Mane|spe|1\n|-unboost|p1b: Chi-Yu|spe|1\n|move|p2a: Flutter Mane|Moonblast|p1b: Chi-Yu\n|-damage|p1b: Chi-Yu|0 fnt\n|faint|p1b: Chi-Yu\n|move|p1a: Flutter Mane|Dazzling Gleam|p2a: Flutter Mane|[spread] p2a,p2b\n|-damage|p2a: Flutter Mane|49\/100\n|-damage|p2b: Iron Bundle|0 fnt\n|faint|p2b: Iron Bundle\n|-end|p2b: Iron Bundle|Quark Drive|[silent]\n|\n|upkeep\n|\n|t:|1683573927\n|switch|p2b: Tyranitar|Tyranitar, L50, F|100\/100\n|switch|p1b: Iron Bundle|Iron Bundle, L50|100\/100\n|-weather|Sandstorm|[from] ability: Sand Stream|[of] p2b: Tyranitar\n|-enditem|p1b: Iron Bundle|Booster Energy\n|-activate|p1b: Iron Bundle|ability: Quark Drive|[fromitem]\n|-start|p1b: Iron Bundle|quarkdrivespe\n|turn|2\n|\n|t:|1683573947\n|-end|p1a: Flutter Mane|Protosynthesis|[silent]\n|switch|p1a: Abomasnow|Abomasnow, L50, F|100\/100\n|-weather|Snow|[from] ability: Snow Warning|[of] p1a: Abomasnow\n|move|p1b: Iron Bundle|Blizzard|p2b: Tyranitar|[spread] p2a,p2b\n|-damage|p2a: Flutter Mane|15\/100\n|-damage|p2b: Tyranitar|76\/100\n|move|p2a: Flutter Mane|Moonblast|p1b: Iron Bundle\n|-damage|p1b: Iron Bundle|0 fnt\n|faint|p1b: Iron Bundle\n|-end|p1b: Iron Bundle|Quark Drive|[silent]\n|move|p2b: Tyranitar|Rock Slide|p1a: Abomasnow\n|-supereffective|p1a: Abomasnow\n|-damage|p1a: Abomasnow|36\/100\n|\n|-weather|Snow|[upkeep]\n|upkeep\n|\n|t:|1683573956\n|switch|p1b: Flutter Mane|Flutter Mane, L50, tera:Fairy|60\/100\n|turn|3\n|\n|t:|1683573968\n|switch|p2b: Lycanroc|Lycanroc, L50, F|100\/100\n|move|p1a: Abomasnow|Helping Hand|p1b: Flutter Mane\n|-singleturn|p1b: Flutter Mane|Helping Hand|[of] p1a: Abomasnow\n|move|p1b: Flutter Mane|Dazzling Gleam|p2b: Lycanroc|[spread] p2a,p2b\n|-damage|p2a: Flutter Mane|0 fnt\n|-enditem|p2b: Lycanroc|Focus Sash\n|-damage|p2b: Lycanroc|1\/100\n|faint|p2a: Flutter Mane\n|-end|p2a: Flutter Mane|Protosynthesis|[silent]\n|\n|-weather|Snow|[upkeep]\n|upkeep\n|\n|t:|1683573971\n|switch|p2a: Tyranitar|Tyranitar, L50, F|76\/100\n|-weather|Sandstorm|[from] ability: Sand Stream|[of] p2a: Tyranitar\n|turn|4\n|\n|t:|1683573979\n|move|p1a: Abomasnow|Ice Shard|p2b: Lycanroc\n|-damage|p2b: Lycanroc|0 fnt\n|faint|p2b: Lycanroc\n|-damage|p1a: Abomasnow|26\/100|[from] item: Life Orb\n|move|p1b: Flutter Mane|Dazzling Gleam|p2a: Tyranitar\n|-supereffective|p2a: Tyranitar\n|-damage|p2a: Tyranitar|15\/100\n|move|p2a: Tyranitar|Rock Slide|p1b: Flutter Mane|[spread] p1a,p1b\n|-supereffective|p1a: Abomasnow\n|-damage|p1a: Abomasnow|0 fnt\n|-damage|p1b: Flutter Mane|0 fnt\n|faint|p1a: Abomasnow\n|faint|p1b: Flutter Mane\n|-end|p1b: Flutter Mane|Protosynthesis|[silent]\n|\n|win|Garglesoc\n|raw|rebiv3's rating: 1311 → 1287<\/strong> (-24 for losing)\n|raw|Garglesoc's rating: 1241 → 1271<\/strong> (+30 for winning)\n|l|\u2606rebiv3\n","uploadtime":1683573994,"views":9,"p1id":"rebiv3","p2id":"garglesoc","formatid":"gen9vgc2023regulationc","rating":1271,"private":0,"password":""}