{"id":"gen9vgc2023regulationc-1859003711","p1":"DurantBestSweeper","p2":"Ricardo Randorez","format":"[Gen 9] VGC 2023 Regulation C","log":"|j|\u2606DurantBestSweeper\n|j|\u2606Ricardo Randorez\n|t:|1683393173\n|gametype|doubles\n|player|p1|DurantBestSweeper|guitarist|1342\n|player|p2|Ricardo Randorez|2|1254\n|teamsize|p1|6\n|teamsize|p2|6\n|gen|9\n|tier|[Gen 9] VGC 2023 Regulation C\n|rated|\n|rule|Species Clause: Limit one of each Pok\u00e9mon\n|rule|Item Clause: Limit one of each item\n|clearpoke\n|poke|p1|Annihilape, L50, M|\n|poke|p1|Iron Bundle, L50|\n|poke|p1|Arcanine, L50, F|\n|poke|p1|Roaring Moon, L50|\n|poke|p1|Gholdengo, L50|\n|poke|p1|Maushold-Four, L50|\n|poke|p2|Dondozo, L50, M|\n|poke|p2|Tatsugiri-Droopy, L50, M|\n|poke|p2|Pelipper, L50, F|\n|poke|p2|Drednaw, L50, F|\n|poke|p2|Dragonite, L50, F|\n|poke|p2|Chien-Pao, L50|\n|teampreview|4\n|inactive|Battle timer is ON: inactive players will automatically lose when time's up. (requested by DurantBestSweeper)\nDurantBestSweeper has agreed to open team sheets.\n|inactive|DurantBestSweeper has 60 seconds left.\n|\n|t:|1683393212\n|start\n|switch|p1a: Roaring Moon|Roaring Moon, L50|100\/100\n|switch|p1b: Gholdengo|Gholdengo, L50|100\/100\n|switch|p2a: Pelipper|Pelipper, L50, F|100\/100\n|switch|p2b: Drednaw|Drednaw, L50, F|100\/100\n|-weather|RainDance|[from] ability: Drizzle|[of] p2a: Pelipper\n|-enditem|p1a: Roaring Moon|Booster Energy\n|-activate|p1a: Roaring Moon|ability: Protosynthesis|[fromitem]\n|-start|p1a: Roaring Moon|protosynthesisspe\n|turn|1\n|inactive|DurantBestSweeper has 30 seconds left.\n|inactive|DurantBestSweeper has 20 seconds left.\n|inactive|DurantBestSweeper has 15 seconds left.\n|inactive|DurantBestSweeper has 10 seconds left.\n|c|\u2606Ricardo Randorez|I win then\n|c|\u2606Ricardo Randorez|pal\n|\n|t:|1683393261\n|-terastallize|p1b: Gholdengo|Water\n|move|p1a: Roaring Moon|Tailwind|p1a: Roaring Moon\n|-sidestart|p1: DurantBestSweeper|move: Tailwind\n|move|p2b: Drednaw|Earthquake|p1b: Gholdengo|[spread] p1a,p1b\n|-immune|p2a: Pelipper\n|-damage|p1a: Roaring Moon|52\/100\n|-damage|p1b: Gholdengo|63\/100\n|move|p1b: Gholdengo|Nasty Plot|p1b: Gholdengo\n|-boost|p1b: Gholdengo|spa|2\n|move|p2a: Pelipper|Tailwind|p2a: Pelipper\n|-sidestart|p2: Ricardo Randorez|move: Tailwind\n|\n|-weather|RainDance|[upkeep]\n|-heal|p1b: Gholdengo|69\/100|[from] item: Leftovers\n|upkeep\n|turn|2\n|inactive|DurantBestSweeper has 30 seconds left.\n|inactive|DurantBestSweeper has 20 seconds left.\n|\n|t:|1683393296\n|move|p1a: Roaring Moon|Breaking Swipe|p2a: Pelipper|[spread] p2a,p2b\n|-damage|p2a: Pelipper|75\/100\n|-damage|p2b: Drednaw|75\/100\n|-unboost|p2a: Pelipper|atk|1\n|-unboost|p2b: Drednaw|atk|1\n|move|p2b: Drednaw|Earthquake|p1a: Roaring Moon|[spread] p1a,p1b\n|-immune|p2a: Pelipper\n|-damage|p1a: Roaring Moon|21\/100\n|-damage|p1b: Gholdengo|42\/100\n|move|p1b: Gholdengo|Make It Rain|p2b: Drednaw|[spread] p2a,p2b\n|-resisted|p2a: Pelipper\n|-damage|p2a: Pelipper|10\/100\n|-damage|p2b: Drednaw|0 fnt\n|-unboost|p1b: Gholdengo|spa|1\n|faint|p2b: Drednaw\n|move|p2a: Pelipper|Hurricane|p1b: Gholdengo\n|-crit|p1b: Gholdengo\n|-damage|p1b: Gholdengo|0 fnt\n|faint|p1b: Gholdengo\n|\n|-weather|RainDance|[upkeep]\n|upkeep\n|inactive|DurantBestSweeper has 30 seconds left.\n|inactive|DurantBestSweeper has 20 seconds left.\n|\n|t:|1683393332\n|switch|p1b: Iron Bundle|Iron Bundle, L50|100\/100\n|switch|p2b: Dondozo|Dondozo, L50, M|100\/100\n|turn|3\n|\n|t:|1683393351\n|switch|p2a: Tatsugiri|Tatsugiri-Droopy, L50, M, shiny|100\/100\n|-activate|p2a: Tatsugiri|ability: Commander|[of] p2b: Dondozo\n|-boost|p2b: Dondozo|atk|2\n|-boost|p2b: Dondozo|spa|2\n|-boost|p2b: Dondozo|spe|2\n|-boost|p2b: Dondozo|def|2\n|-boost|p2b: Dondozo|spd|2\n|-terastallize|p2b: Dondozo|Water\n|move|p1a: Roaring Moon|Breaking Swipe|p2b: Dondozo|[spread] p2b\n|-miss|p1a: Roaring Moon|p2a: Tatsugiri\n|-damage|p2b: Dondozo|91\/100\n|-unboost|p2b: Dondozo|atk|1\n|move|p1b: Iron Bundle|Freeze-Dry|p2b: Dondozo\n|-supereffective|p2b: Dondozo\n|-damage|p2b: Dondozo|50\/100\n|move|p2b: Dondozo|Surf|p1b: Iron Bundle|[spread] p1a,p1b\n|-miss|p2b: Dondozo|p2a: Tatsugiri\n|-resisted|p1a: Roaring Moon\n|-resisted|p1b: Iron Bundle\n|-damage|p1a: Roaring Moon|0 fnt\n|-damage|p1b: Iron Bundle|0 fnt\n|faint|p1a: Roaring Moon\n|-end|p1a: Roaring Moon|Protosynthesis|[silent]\n|faint|p1b: Iron Bundle\n|-end|p1b: Iron Bundle|Quark Drive|[silent]\n|-damage|p2b: Dondozo|40\/100|[from] item: Life Orb\n|\n|-weather|RainDance|[upkeep]\n|upkeep\n|\n|t:|1683393370\n|switch|p1b: Annihilape|Annihilape, L50, M|100\/100\n|turn|4\n|\n|t:|1683393390\n|move|p2b: Dondozo|Wave Crash|p1b: Annihilape\n|-damage|p1b: Annihilape|0 fnt\n|faint|p1b: Annihilape\n|-damage|p2b: Dondozo|10\/100|[from] Recoil\n|-damage|p2b: Dondozo|0 fnt|[from] item: Life Orb\n|faint|p2b: Dondozo\n|\n|win|Ricardo Randorez\n|raw|DurantBestSweeper's rating: 1342 → 1317<\/strong> (-25 for losing)\n|raw|Ricardo Randorez's rating: 1254 → 1285<\/strong> (+31 for winning)\n|l|\u2606DurantBestSweeper\n","uploadtime":1683393400,"views":6,"p1id":"durantbestsweeper","p2id":"ricardorandorez","formatid":"gen9vgc2023regulationc","rating":1285,"private":0,"password":""}