{"id":"gen9vgc2023regulationc-1851550792","p1":"jwurminator","p2":"rudyxkam","format":"[Gen 9] VGC 2023 Regulation C","log":"|j|\u2606jwurminator\n|j|\u2606rudyxkam\n|t:|1682454865\n|gametype|doubles\n|player|p1|jwurminator|brycenman|1101\n|player|p2|rudyxkam|gardenia|1203\n|teamsize|p1|6\n|teamsize|p2|6\n|gen|9\n|tier|[Gen 9] VGC 2023 Regulation C\n|rated|\n|rule|Species Clause: Limit one of each Pok\u00e9mon\n|rule|Item Clause: Limit one of each item\n|clearpoke\n|poke|p1|Torkoal, L50, F|\n|poke|p1|Flutter Mane, L50|\n|poke|p1|Baxcalibur, L50, M|\n|poke|p1|Amoonguss, L50, F|\n|poke|p1|Ting-Lu, L50|\n|poke|p1|Chi-Yu, L50|\n|poke|p2|Gyarados, L50, M|\n|poke|p2|Talonflame, L50, M|\n|poke|p2|Baxcalibur, L50, F|\n|poke|p2|Corviknight, L50, M|\n|poke|p2|Ting-Lu, L50|\n|poke|p2|Flutter Mane, L50|\n|teampreview|4\n|inactive|Battle timer is ON: inactive players will automatically lose when time's up. (requested by rudyxkam)\n|c|\u2606rudyxkam|glhf!@\nrudyxkam has agreed to open team sheets.\n|inactive|jwurminator has 60 seconds left.\n|inactive|rudyxkam has 60 seconds left.\n|\n|t:|1682454912\n|start\n|switch|p1a: Chi-Yu|Chi-Yu, L50|100\/100\n|switch|p1b: Torkoal|Torkoal, L50, F|100\/100\n|switch|p2a: Sker|Ting-Lu, L50|100\/100\n|switch|p2b: Shobijin|Flutter Mane, L50, shiny|100\/100\n|-ability|p1a: Chi-Yu|Beads of Ruin\n|-ability|p2a: Sker|Vessel of Ruin\n|-weather|SunnyDay|[from] ability: Drought|[of] p1b: Torkoal\n|-activate|p2b: Shobijin|ability: Protosynthesis\n|-start|p2b: Shobijin|protosynthesisspe\n|turn|1\n|inactive|jwurminator has 30 seconds left.\n|inactive|rudyxkam has 30 seconds left.\n|\n|t:|1682454942\n|move|p2b: Shobijin|Dazzling Gleam|p1a: Chi-Yu|[spread] p1a,p1b\n|-resisted|p1b: Torkoal\n|-damage|p1a: Chi-Yu|59\/100\n|-damage|p1b: Torkoal|67\/100\n|move|p1a: Chi-Yu|Heat Wave|p2a: Sker|[spread] p2a,p2b\n|-crit|p2b: Shobijin\n|-damage|p2a: Sker|59\/100\n|-damage|p2b: Shobijin|0 fnt\n|faint|p2b: Shobijin\n|-end|p2b: Shobijin|Protosynthesis|[silent]\n|move|p2a: Sker|Stomping Tantrum|p1b: Torkoal\n|-supereffective|p1b: Torkoal\n|-damage|p1b: Torkoal|23\/100\n|move|p1b: Torkoal|Flamethrower|p2a: Sker\n|-damage|p2a: Sker|28\/100\n|\n|-weather|SunnyDay|[upkeep]\n|upkeep\n|\n|t:|1682454955\n|switch|p2b: Gigan|Corviknight, L50, M, shiny|100\/100\n|turn|2\n|\n|t:|1682454977\n|-terastallize|p2b: Gigan|Dragon\n|move|p1a: Chi-Yu|Heat Wave|p2a: Sker|[spread] p2a\n|-miss|p1a: Chi-Yu|p2b: Gigan\n|-damage|p2a: Sker|0 fnt\n|faint|p2a: Sker\n|move|p2b: Gigan|Brave Bird|p1a: Chi-Yu\n|-damage|p1a: Chi-Yu|0 fnt\n|faint|p1a: Chi-Yu\n|-damage|p2b: Gigan|88\/100|[from] Recoil\n|move|p1b: Torkoal|Flamethrower|p2b: Gigan\n|-resisted|p2b: Gigan\n|-damage|p2b: Gigan|60\/100\n|\n|-weather|SunnyDay|[upkeep]\n|upkeep\n|c|\u2606rudyxkam|gg!\n|\n|t:|1682455000\n|switch|p1a: Flutter Mane|Flutter Mane, L50|100\/100\n|switch|p2a: Manda|Gyarados, L50, M, shiny|100\/100\n|-activate|p1a: Flutter Mane|ability: Protosynthesis\n|-start|p1a: Flutter Mane|protosynthesisspe\n|-ability|p2a: Manda|Intimidate|boost\n|-unboost|p1a: Flutter Mane|atk|1\n|-unboost|p1b: Torkoal|atk|1\n|turn|3\n|\n|t:|1682455023\n|switch|p1b: Baxcalibur|Baxcalibur, L50, M|100\/100\n|move|p1a: Flutter Mane|Moonblast|p2b: Gigan\n|-supereffective|p2b: Gigan\n|-damage|p2b: Gigan|0 fnt\n|faint|p2b: Gigan\n|move|p2a: Manda|Waterfall|p1b: Baxcalibur\n|-resisted|p1b: Baxcalibur\n|-damage|p1b: Baxcalibur|93\/100\n|\n|-weather|SunnyDay|[upkeep]\n|upkeep\n|turn|4\n|-message|rudyxkam forfeited.\n|\n|win|jwurminator\n|raw|jwurminator's rating: 1101 → 1133<\/strong> (+32 for winning)\n|raw|rudyxkam's rating: 1203 → 1171<\/strong> (-32 for losing)\n|l|\u2606jwurminator\n","uploadtime":1682455043,"views":6,"p1id":"jwurminator","p2id":"rudyxkam","formatid":"gen9vgc2023regulationc","rating":1133,"private":0,"password":""}