{"id":"gen9vgc2023regulationc-1848746363","p1":"PotatoFoe11","p2":"Sprye0216","format":"[Gen 9] VGC 2023 Regulation C","log":"|j|\u2606PotatoFoe11\n|j|\u2606Sprye0216\n|t:|1682106280\n|gametype|doubles\n|player|p1|PotatoFoe11|102|1049\n|player|p2|Sprye0216|skyla|1079\n|teamsize|p1|6\n|teamsize|p2|6\n|gen|9\n|tier|[Gen 9] VGC 2023 Regulation C\n|rated|\n|rule|Species Clause: Limit one of each Pok\u00e9mon\n|rule|Item Clause: Limit one of each item\n|clearpoke\n|poke|p1|Talonflame, L50, M|\n|poke|p1|Garchomp, L50, F|\n|poke|p1|Flutter Mane, L50|\n|poke|p1|Chien-Pao, L50|\n|poke|p1|Amoonguss, L50, M|\n|poke|p1|Palafin, L50, F|\n|poke|p2|Amoonguss, L50, M|\n|poke|p2|Gyarados, L50, F|\n|poke|p2|Talonflame, L50, M|\n|poke|p2|Garchomp, L50, M|\n|poke|p2|Flutter Mane, L50|\n|poke|p2|Ting-Lu, L50|\n|teampreview|4\nPotatoFoe11 has agreed to open team sheets.\n|inactive|Battle timer is ON: inactive players will automatically lose when time's up. (requested by PotatoFoe11)\nSprye0216 has agreed to open team sheets.\n|inactive|Sprye0216 has 60 seconds left.\n|\n|t:|1682106322\n|start\n|switch|p1a: Talonflame|Talonflame, L50, M|100\/100\n|switch|p1b: Garchomp|Garchomp, L50, F|100\/100\n|switch|p2a: Talonflame|Talonflame, L50, M|100\/100\n|switch|p2b: Amoonguss|Amoonguss, L50, M|100\/100\n|turn|1\n|inactive|Sprye0216 has 30 seconds left.\n|\n|t:|1682106354\n|-terastallize|p1b: Garchomp|Steel\n|move|p2a: Talonflame|Will-O-Wisp|p1b: Garchomp\n|-status|p1b: Garchomp|brn\n|move|p1a: Talonflame|Tailwind|p1a: Talonflame\n|-sidestart|p1: PotatoFoe11|move: Tailwind\n|move|p1b: Garchomp|Earthquake|p2b: Amoonguss|[spread] p2b\n|-immune|p1a: Talonflame\n|-immune|p2a: Talonflame\n|-damage|p2b: Amoonguss|79\/100\n|-damage|p1b: Garchomp|91\/100 brn|[from] item: Life Orb\n|move|p2b: Amoonguss|Spore||[still]\n|-fail|p2b: Amoonguss\n|\n|-damage|p1b: Garchomp|85\/100 brn|[from] brn\n|upkeep\n|turn|2\n|-message|PotatoFoe11 forfeited.\n|\n|win|Sprye0216\n|raw|PotatoFoe11's rating: 1049 → 1033<\/strong> (-16 for losing)\n|raw|Sprye0216's rating: 1079 → 1105<\/strong> (+26 for winning)\n|l|\u2606PotatoFoe11\n","uploadtime":1682106377,"views":9,"p1id":"potatofoe11","p2id":"sprye0216","formatid":"gen9vgc2023regulationc","rating":1033,"private":0,"password":""}