{"id":"gen9vgc2023regulationc-1845858082","p1":"nik993","p2":"Rogadoga","format":"[Gen 9] VGC 2023 Regulation C","log":"|j|\u2606nik993\n|j|\u2606Rogadoga\n|t:|1681772132\n|gametype|doubles\n|player|p1|nik993|102|1297\n|player|p2|Rogadoga|bugcatcher-gen4dp|1206\n|teamsize|p1|6\n|teamsize|p2|6\n|gen|9\n|tier|[Gen 9] VGC 2023 Regulation C\n|rated|\n|rule|Species Clause: Limit one of each Pok\u00e9mon\n|rule|Item Clause: Limit one of each item\n|clearpoke\n|poke|p1|Palafin, L50, F|\n|poke|p1|Iron Hands, L50|\n|poke|p1|Amoonguss, L50, F|\n|poke|p1|Arcanine, L50, F|\n|poke|p1|Chien-Pao, L50|\n|poke|p1|Dragonite, L50, M|\n|poke|p2|Gardevoir, L50, M|\n|poke|p2|Gyarados, L50, F|\n|poke|p2|Chi-Yu, L50|\n|poke|p2|Amoonguss, L50, F|\n|poke|p2|Iron Hands, L50|\n|poke|p2|Garchomp, L50, F|\n|teampreview|4\nnik993 has agreed to open team sheets.\n|\n|t:|1681772167\n|start\n|switch|p1a: Iron Hands|Iron Hands, L50|100\/100\n|switch|p1b: Dragonite|Dragonite, L50, M|100\/100\n|switch|p2a: Gyarados|Gyarados, L50, F|100\/100\n|switch|p2b: Amoonguss|Amoonguss, L50, F|100\/100\n|-ability|p2a: Gyarados|Intimidate|boost\n|-unboost|p1a: Iron Hands|atk|1\n|-fail|p1b: Dragonite|unboost|Attack|[from] ability: Inner Focus|[of] p1b: Dragonite\n|turn|1\n|\n|t:|1681772179\n|move|p2a: Gyarados|Protect|p2a: Gyarados\n|-singleturn|p2a: Gyarados|Protect\n|move|p1a: Iron Hands|Fake Out|p2b: Amoonguss\n|-damage|p2b: Amoonguss|91\/100\n|move|p1b: Dragonite|Dragon Dance|p1b: Dragonite\n|-boost|p1b: Dragonite|atk|1\n|-boost|p1b: Dragonite|spe|1\n|cant|p2b: Amoonguss|flinch\n|\n|upkeep\n|turn|2\n|\n|t:|1681772198\n|switch|p2a: Gardevoir|Gardevoir, L50, M|100\/100\n|-end|p1a: Iron Hands|Quark Drive|[silent]\n|switch|p1a: Chien-Pao|Chien-Pao, L50|100\/100\n|-ability|p1a: Chien-Pao|Sword of Ruin\n|-terastallize|p1b: Dragonite|Flying\n|move|p1b: Dragonite|Tera Blast|p2a: Gardevoir\n|-damage|p2a: Gardevoir|0 fnt\n|faint|p2a: Gardevoir\n|move|p2b: Amoonguss|Spore|p1b: Dragonite\n|-status|p1b: Dragonite|slp|[from] move: Spore\n|-enditem|p1b: Dragonite|Lum Berry|[eat]\n|-curestatus|p1b: Dragonite|slp|[msg]\n|\n|upkeep\n|\n|t:|1681772213\n|switch|p2a: Gyarados|Gyarados, L50, F|100\/100\n|-ability|p2a: Gyarados|Intimidate|boost\n|-unboost|p1a: Chien-Pao|atk|1\n|-fail|p1b: Dragonite|unboost|Attack|[from] ability: Inner Focus|[of] p1b: Dragonite\n|turn|3\n|\n|t:|1681772227\n|switch|p1a: Arcanine|Arcanine, L50, F|100\/100\n|-ability|p1a: Arcanine|Intimidate|boost\n|-unboost|p2a: Gyarados|atk|1\n|-unboost|p2b: Amoonguss|atk|1\n|move|p1b: Dragonite|Tera Blast|p2b: Amoonguss\n|-supereffective|p2b: Amoonguss\n|-damage|p2b: Amoonguss|0 fnt\n|faint|p2b: Amoonguss\n|move|p2a: Gyarados|Thunder Wave|p1b: Dragonite\n|-status|p1b: Dragonite|par\n|\n|upkeep\n|-message|Rogadoga forfeited.\n|\n|win|nik993\n|raw|nik993's rating: 1297 → 1316<\/strong> (+19 for winning)\n|raw|Rogadoga's rating: 1206 → 1187<\/strong> (-19 for losing)\n|l|\u2606Rogadoga\n","uploadtime":1681772240,"views":6,"p1id":"nik993","p2id":"rogadoga","formatid":"gen9vgc2023regulationc","rating":1187,"private":0,"password":""}