{"id":"gen9vgc2023regulationc-1849315000","p1":"RayePKMN","p2":"Redpunter","format":"[Gen 9] VGC 2023 Regulation C","log":"|j|\u2606RayePKMN\n|j|\u2606Redpunter\n|t:|1682184956\n|gametype|doubles\n|player|p1|RayePKMN|2|1000\n|player|p2|Redpunter|rosa|1011\n|teamsize|p1|6\n|teamsize|p2|6\n|gen|9\n|tier|[Gen 9] VGC 2023 Regulation C\n|rated|\n|rule|Species Clause: Limit one of each Pok\u00e9mon\n|rule|Item Clause: Limit one of each item\n|clearpoke\n|poke|p1|Iron Jugulis, L50|\n|poke|p1|Great Tusk, L50|\n|poke|p1|Iron Bundle, L50|\n|poke|p1|Iron Hands, L50|\n|poke|p1|Gholdengo, L50|\n|poke|p1|Gothitelle, L50, F|\n|poke|p2|Iron Bundle, L50|\n|poke|p2|Krookodile, L50, M|\n|poke|p2|Rotom-Frost, L50|\n|poke|p2|Iron Treads, L50|\n|poke|p2|Maushold, L50|\n|poke|p2|Brute Bonnet, L50|\n|teampreview|4\nRedpunter has agreed to open team sheets.\n|c|\u2606Redpunter|OTD\n|\n|t:|1682184989\n|start\n|switch|p1a: Iron Jugulis|Iron Jugulis, L50|100\/100\n|switch|p1b: Gholdengo|Gholdengo, L50|100\/100\n|switch|p2a: Krookodile|Krookodile, L50, M|100\/100\n|switch|p2b: Rotom|Rotom-Frost, L50|100\/100\n|-ability|p2a: Krookodile|Intimidate|boost\n|-unboost|p1a: Iron Jugulis|atk|1\n|-unboost|p1b: Gholdengo|atk|1\n|-enditem|p1a: Iron Jugulis|Booster Energy\n|-activate|p1a: Iron Jugulis|ability: Quark Drive|[fromitem]\n|-start|p1a: Iron Jugulis|quarkdrivespe\n|turn|1\n|\n|t:|1682185015\n|move|p2a: Krookodile|Crunch|p1b: Gholdengo\n|-supereffective|p1b: Gholdengo\n|-damage|p1b: Gholdengo|25\/100\n|-unboost|p1b: Gholdengo|def|1\n|move|p1a: Iron Jugulis|Tailwind|p1a: Iron Jugulis\n|-sidestart|p1: RayePKMN|move: Tailwind\n|move|p1b: Gholdengo|Make It Rain|p2a: Krookodile|[spread] p2a,p2b\n|-damage|p2a: Krookodile|8\/100\n|-damage|p2b: Rotom|0 fnt\n|-unboost|p1b: Gholdengo|spa|1\n|faint|p2b: Rotom\n|\n|upkeep\n|\n|t:|1682185031\n|switch|p2b: Iron Treads|Iron Treads, L50|100\/100\n|turn|2\n|\n|t:|1682185041\n|move|p1a: Iron Jugulis|Snarl|p2a: Krookodile|[spread] p2a,p2b\n|-resisted|p2a: Krookodile\n|-damage|p2a: Krookodile|0 fnt\n|-damage|p2b: Iron Treads|84\/100\n|-unboost|p2b: Iron Treads|spa|1\n|faint|p2a: Krookodile\n|move|p1b: Gholdengo|Make It Rain|p2b: Iron Treads\n|-resisted|p2b: Iron Treads\n|-damage|p2b: Iron Treads|54\/100\n|-unboost|p1b: Gholdengo|spa|1\n|move|p2b: Iron Treads|Volt Switch|p1a: Iron Jugulis\n|-supereffective|p1a: Iron Jugulis\n|-damage|p1a: Iron Jugulis|87\/100\n|\n|t:|1682185055\n|-end|p2b: Iron Treads|Quark Drive|[silent]\n|switch|p2b: Brute Bonnet|Brute Bonnet, L50|100\/100|[from] Volt Switch\n|\n|upkeep\n|\n|t:|1682185056\n|switch|p2a: Iron Treads|Iron Treads, L50|54\/100\n|turn|3\n|\n|t:|1682185067\n|move|p2b: Brute Bonnet|Rage Powder|p2b: Brute Bonnet\n|-singleturn|p2b: Brute Bonnet|move: Rage Powder\n|move|p1a: Iron Jugulis|Air Slash|p2b: Brute Bonnet\n|-supereffective|p2b: Brute Bonnet\n|-damage|p2b: Brute Bonnet|48\/100\n|move|p1b: Gholdengo|Make It Rain|p2b: Brute Bonnet|[spread] p2a,p2b\n|-resisted|p2a: Iron Treads\n|-damage|p2a: Iron Treads|37\/100\n|-damage|p2b: Brute Bonnet|21\/100\n|-unboost|p1b: Gholdengo|spa|1\n|move|p2a: Iron Treads|Earthquake|p1a: Iron Jugulis|[spread] p2b,p1b\n|-immune|p1a: Iron Jugulis\n|-resisted|p2b: Brute Bonnet\n|-supereffective|p1b: Gholdengo\n|-damage|p2b: Brute Bonnet|7\/100\n|-damage|p1b: Gholdengo|0 fnt\n|faint|p1b: Gholdengo\n|\n|-heal|p2b: Brute Bonnet|13\/100|[from] item: Leftovers\n|upkeep\n|\n|t:|1682185078\n|switch|p1b: Great Tusk|Great Tusk, L50|100\/100\n|turn|4\n|\n|t:|1682185087\n|-terastallize|p1b: Great Tusk|Ground\n|move|p1a: Iron Jugulis|Snarl|p2a: Iron Treads|[spread] p2a,p2b\n|-resisted|p2b: Brute Bonnet\n|-damage|p2a: Iron Treads|20\/100\n|-damage|p2b: Brute Bonnet|6\/100\n|-unboost|p2a: Iron Treads|spa|1\n|-unboost|p2b: Brute Bonnet|spa|1\n|move|p1b: Great Tusk|Earthquake|p2b: Brute Bonnet|[spread] p2a,p2b\n|-immune|p1a: Iron Jugulis\n|-supereffective|p2a: Iron Treads\n|-resisted|p2b: Brute Bonnet\n|-damage|p2a: Iron Treads|0 fnt\n|-damage|p2b: Brute Bonnet|0 fnt\n|faint|p2a: Iron Treads\n|-end|p2a: Iron Treads|Quark Drive|[silent]\n|faint|p2b: Brute Bonnet\n|-end|p2b: Brute Bonnet|Protosynthesis|[silent]\n|-damage|p1b: Great Tusk|91\/100|[from] item: Life Orb\n|\n|win|RayePKMN\n|raw|RayePKMN's rating: 1000 → 1041<\/strong> (+41 for winning)\n|raw|Redpunter's rating: 1011 → 1000<\/strong> (-11 for losing)\n|c|\u2606Redpunter|GG!\n|c|\u2606Redpunter|TY for the OTS\n|c|\u2606RayePKMN|Gg\n|l|\u2606Redpunter\n|c|\u2606RayePKMN|lol\n","uploadtime":1682185157,"views":3,"p1id":"rayepkmn","p2id":"redpunter","formatid":"gen9vgc2023regulationc","rating":1000,"private":0,"password":""}