{"id":"gen9vgc2023regulationc-1848610097","p1":"TuP1cha","p2":"aj STRINGCHEESE","format":"[Gen 9] VGC 2023 Regulation C","log":"|j|\u2606TuP1cha\n|j|\u2606aj STRINGCHEESE\n|t:|1682094254\n|gametype|doubles\n|player|p1|TuP1cha|silver|1136\n|player|p2|aj STRINGCHEESE|266|1152\n|teamsize|p1|6\n|teamsize|p2|6\n|gen|9\n|tier|[Gen 9] VGC 2023 Regulation C\n|rated|\n|rule|Species Clause: Limit one of each Pok\u00e9mon\n|rule|Item Clause: Limit one of each item\n|clearpoke\n|poke|p1|Annihilape, L50, M|\n|poke|p1|Amoonguss, L50, M|\n|poke|p1|Chi-Yu, L50|\n|poke|p1|Gyarados, L50, F|\n|poke|p1|Flutter Mane, L50|\n|poke|p1|Kingambit, L50, M|\n|poke|p2|Mimikyu, L50, M|\n|poke|p2|Torkoal, L50, F|\n|poke|p2|Ceruledge, L50, F|\n|poke|p2|Gholdengo, L50|\n|poke|p2|Salamence, L50, M|\n|poke|p2|Breloom, L50, M|\n|teampreview|4\n|inactive|Battle timer is ON: inactive players will automatically lose when time's up. (requested by aj STRINGCHEESE)\n|inactive|TuP1cha has 60 seconds left.\n|inactive|aj STRINGCHEESE has 60 seconds left.\n|inactive|TuP1cha has 30 seconds left.\n|inactive|TuP1cha has 20 seconds left.\n|inactive|TuP1cha has 15 seconds left.\n|inactive|TuP1cha has 10 seconds left.\n|\n|t:|1682094339\n|start\n|switch|p1a: Chi-Yu|Chi-Yu, L50|100\/100\n|switch|p1b: Kingambit|Kingambit, L50, M|100\/100\n|switch|p2a: Salamence|Salamence, L50, M|100\/100\n|switch|p2b: Gholdengo|Gholdengo, L50|100\/100\n|-ability|p1a: Chi-Yu|Beads of Ruin\n|-ability|p2a: Salamence|Intimidate|boost\n|-unboost|p1a: Chi-Yu|atk|1\n|-unboost|p1b: Kingambit|atk|1\n|-ability|p1b: Kingambit|Defiant|boost\n|-boost|p1b: Kingambit|atk|2\n|turn|1\n|inactive|TuP1cha has 30 seconds left.\n|inactive|aj STRINGCHEESE has 30 seconds left.\n|inactive|TuP1cha has 20 seconds left.\n|\n|t:|1682094376\n|switch|p2b: Ceruledge|Ceruledge, L50, F|100\/100\n|move|p1a: Chi-Yu|Snarl|p2b: Ceruledge|[spread] p2a,p2b\n|-supereffective|p2b: Ceruledge\n|-damage|p2a: Salamence|69\/100\n|-damage|p2b: Ceruledge|35\/100\n|-unboost|p2a: Salamence|spa|1\n|move|p2a: Salamence|Tailwind|p2a: Salamence\n|-sidestart|p2: aj STRINGCHEESE|move: Tailwind\n|move|p1b: Kingambit|Assurance|p2b: Ceruledge\n|-supereffective|p2b: Ceruledge\n|-damage|p2b: Ceruledge|0 fnt\n|faint|p2b: Ceruledge\n|\n|upkeep\n|-message|aj STRINGCHEESE forfeited.\n|\n|win|TuP1cha\n|raw|TuP1cha's rating: 1136 → 1162<\/strong> (+26 for winning)\n|raw|aj STRINGCHEESE's rating: 1152 → 1126<\/strong> (-26 for losing)\n|l|\u2606aj STRINGCHEESE\n","uploadtime":1682094397,"views":8,"p1id":"tup1cha","p2id":"ajstringcheese","formatid":"gen9vgc2023regulationc","rating":1126,"private":0,"password":""}