{"id":"gen9vgc2023regulationc-1861852796","p1":"anuunuu","p2":"Nehzzy","format":"[Gen 9] VGC 2023 Regulation C","log":"|j|\u2606anuunuu\n|j|\u2606Nehzzy\n|t:|1683815040\n|gametype|doubles\n|player|p1|anuunuu|nate|1198\n|player|p2|Nehzzy|steven|1281\n|teamsize|p1|6\n|teamsize|p2|6\n|gen|9\n|tier|[Gen 9] VGC 2023 Regulation C\n|rated|\n|rule|Species Clause: Limit one of each Pok\u00e9mon\n|rule|Item Clause: Limit one of each item\n|clearpoke\n|poke|p1|Chien-Pao, L50|\n|poke|p1|Ceruledge, L50, F|\n|poke|p1|Maushold, L50|\n|poke|p1|Tinkaton, L50, F|\n|poke|p1|Flutter Mane, L50|\n|poke|p1|Gholdengo, L50|\n|poke|p2|Amoonguss, L50, M|\n|poke|p2|Gyarados, L50, F|\n|poke|p2|Murkrow, L50, F|\n|poke|p2|Great Tusk, L50|\n|poke|p2|Flutter Mane, L50|\n|poke|p2|Gholdengo, L50|\n|teampreview|4\nNehzzy has agreed to open team sheets.\n|inactive|Battle timer is ON: inactive players will automatically lose when time's up. (requested by anuunuu)\n|\n|t:|1683815080\n|start\n|switch|p1a: Tinkaton|Tinkaton, L50, F|100\/100\n|switch|p1b: Ceruledge|Ceruledge, L50, F|100\/100\n|switch|p2a: Murkrow|Murkrow, L50, F|100\/100\n|switch|p2b: Great Tusk|Great Tusk, L50|100\/100\n|turn|1\n|\n|t:|1683815103\n|move|p2a: Murkrow|Sunny Day|p2a: Murkrow\n|-weather|SunnyDay\n|-activate|p2b: Great Tusk|ability: Protosynthesis\n|-start|p2b: Great Tusk|protosynthesisatk\n|move|p2b: Great Tusk|Earthquake|p1b: Ceruledge|[spread] p1a,p1b\n|-immune|p2a: Murkrow\n|-supereffective|p1a: Tinkaton\n|-supereffective|p1b: Ceruledge\n|-damage|p1a: Tinkaton|0 fnt\n|-damage|p1b: Ceruledge|0 fnt\n|faint|p1a: Tinkaton\n|faint|p1b: Ceruledge\n|\n|-weather|SunnyDay|[upkeep]\n|upkeep\n|\n|t:|1683815115\n|switch|p1a: Chien-Pao|Chien-Pao, L50|100\/100\n|switch|p1b: Flutter Mane|Flutter Mane, L50|100\/100\n|-activate|p1b: Flutter Mane|ability: Protosynthesis\n|-start|p1b: Flutter Mane|protosynthesisspe\n|-ability|p1a: Chien-Pao|Sword of Ruin\n|turn|2\n|\n|t:|1683815140\n|-terastallize|p1b: Flutter Mane|Fairy\n|-terastallize|p2b: Great Tusk|Ground\n|move|p1a: Chien-Pao|Protect|p1a: Chien-Pao\n|-singleturn|p1a: Chien-Pao|Protect\n|move|p2a: Murkrow|Tailwind|p2a: Murkrow\n|-sidestart|p2: Nehzzy|move: Tailwind\n|move|p2b: Great Tusk|Earthquake|p1a: Chien-Pao|[spread] p1b\n|-activate|p1a: Chien-Pao|move: Protect\n|-immune|p2a: Murkrow\n|-damage|p1b: Flutter Mane|0 fnt\n|faint|p1b: Flutter Mane\n|-end|p1b: Flutter Mane|Protosynthesis|[silent]\n|\n|-weather|SunnyDay|[upkeep]\n|upkeep\n|turn|3\n|-message|anuunuu forfeited.\n|\n|win|Nehzzy\n|raw|anuunuu's rating: 1198 → 1179<\/strong> (-19 for losing)\n|raw|Nehzzy's rating: 1281 → 1300<\/strong> (+19 for winning)\n|l|\u2606anuunuu\n","uploadtime":1683815161,"views":14,"p1id":"anuunuu","p2id":"nehzzy","formatid":"gen9vgc2023regulationc","rating":1179,"private":0,"password":""}