{"id":"gen9vgc2023regulationc-1856214274","p1":"sabre332","p2":"squirrel_sarge","format":"[Gen 9] VGC 2023 Regulation C","log":"|j|\u2606sabre332\n|j|\u2606squirrel_sarge\n|t:|1683041424\n|gametype|doubles\n|player|p1|sabre332|102|1112\n|player|p2|squirrel_sarge|ltsurge|1054\n|teamsize|p1|6\n|teamsize|p2|6\n|gen|9\n|tier|[Gen 9] VGC 2023 Regulation C\n|rated|\n|rule|Species Clause: Limit one of each Pok\u00e9mon\n|rule|Item Clause: Limit one of each item\n|clearpoke\n|poke|p1|Sprigatito, L50, F|\n|poke|p1|Chi-Yu, L50|\n|poke|p1|Gyarados, L50, F|\n|poke|p1|Great Tusk, L50|\n|poke|p1|Roaring Moon, L50|\n|poke|p1|Dragonite, L50, M|\n|poke|p2|Flutter Mane, L50|\n|poke|p2|Palafin, L50, M|\n|poke|p2|Chi-Yu, L50|\n|poke|p2|Amoonguss, L50, F|\n|poke|p2|Glimmora, L50, F|\n|poke|p2|Iron Bundle, L50|\n|teampreview|4\n|\n|t:|1683041481\n|start\n|switch|p1a: Sprigatito|Sprigatito, L50, F|100\/100\n|switch|p1b: Roaring Moon|Roaring Moon, L50|100\/100\n|switch|p2a: Chi-Yu|Chi-Yu, L50|100\/100\n|switch|p2b: Flutter Mane|Flutter Mane, L50|100\/100\n|-ability|p2a: Chi-Yu|Beads of Ruin\n|-enditem|p1b: Roaring Moon|Booster Energy\n|-activate|p1b: Roaring Moon|ability: Protosynthesis|[fromitem]\n|-start|p1b: Roaring Moon|protosynthesisspe\n|turn|1\n|\n|t:|1683041505\n|move|p1a: Sprigatito|Sucker Punch|p2b: Flutter Mane\n|-damage|p2b: Flutter Mane|74\/100\n|move|p1b: Roaring Moon|Tailwind|p1b: Roaring Moon\n|-sidestart|p1: sabre332|move: Tailwind\n|move|p2b: Flutter Mane|Icy Wind|p1b: Roaring Moon|[spread] p1a,p1b\n|-supereffective|p1a: Sprigatito\n|-supereffective|p1b: Roaring Moon\n|-damage|p1a: Sprigatito|62\/100\n|-damage|p1b: Roaring Moon|60\/100\n|-unboost|p1a: Sprigatito|spe|1\n|-unboost|p1b: Roaring Moon|spe|1\n|move|p2a: Chi-Yu|Heat Wave|p1a: Sprigatito|[spread] p1a,p1b\n|-supereffective|p1a: Sprigatito\n|-resisted|p1b: Roaring Moon\n|-damage|p1a: Sprigatito|0 fnt\n|-damage|p1b: Roaring Moon|38\/100\n|faint|p1a: Sprigatito\n|\n|upkeep\n|\n|t:|1683041523\n|switch|p1a: Great Tusk|Great Tusk, L50|100\/100\n|turn|2\n|\n|t:|1683041538\n|move|p1b: Roaring Moon|Jaw Lock|p2b: Flutter Mane\n|-damage|p2b: Flutter Mane|0 fnt\n|faint|p2b: Flutter Mane\n|-end|p2b: Flutter Mane|Protosynthesis|[silent]\n|move|p1a: Great Tusk|Earthquake|p2a: Chi-Yu|[spread] p1b,p2a\n|-supereffective|p2a: Chi-Yu\n|-damage|p1b: Roaring Moon|0 fnt\n|-damage|p2a: Chi-Yu|0 fnt\n|faint|p1b: Roaring Moon\n|-end|p1b: Roaring Moon|Protosynthesis|[silent]\n|faint|p2a: Chi-Yu\n|\n|upkeep\n|\n|t:|1683041554\n|switch|p2b: Glimmora|Glimmora, L50, F|100\/100\n|switch|p1b: Chi-Yu|Chi-Yu, L50|100\/100\n|switch|p2a: Iron Bundle|Iron Bundle, L50|100\/100\n|-ability|p1b: Chi-Yu|Beads of Ruin\n|-item|p2b: Glimmora|Air Balloon\n|-enditem|p2a: Iron Bundle|Booster Energy\n|-activate|p2a: Iron Bundle|ability: Quark Drive|[fromitem]\n|-start|p2a: Iron Bundle|quarkdrivespe\n|turn|3\n|\n|t:|1683041583\n|-terastallize|p1b: Chi-Yu|Flying\n|move|p1b: Chi-Yu|Heat Wave|p2a: Iron Bundle|[spread] p2a,p2b\n|-resisted|p2b: Glimmora\n|-damage|p2a: Iron Bundle|0 fnt\n|-damage|p2b: Glimmora|65\/100\n|-enditem|p2b: Glimmora|Air Balloon\n|faint|p2a: Iron Bundle\n|-end|p2a: Iron Bundle|Quark Drive|[silent]\n|-damage|p1b: Chi-Yu|91\/100|[from] item: Life Orb\n|move|p1a: Great Tusk|Earthquake|p2b: Glimmora|[spread] p2b\n|-immune|p1b: Chi-Yu\n|-supereffective|p2b: Glimmora\n|-damage|p2b: Glimmora|0 fnt\n|-activate|p2b: Glimmora|ability: Toxic Debris\n|-sidestart|p1: sabre332|move: Toxic Spikes\n|faint|p2b: Glimmora\n|\n|win|sabre332\n|raw|sabre332's rating: 1112 → 1133<\/strong> (+21 for winning)\n|raw|squirrel_sarge's rating: 1054 → 1039<\/strong> (-15 for losing)\n|l|\u2606sabre332\n","uploadtime":1683041605,"views":12,"p1id":"sabre332","p2id":"squirrelsarge","formatid":"gen9vgc2023regulationc","rating":1039,"private":0,"password":""}