{"id":"gen9vgc2023regulationc-1847414645","p1":"Colinspeed1","p2":"NicoHaxVGC","format":"[Gen 9] VGC 2023 Regulation C","log":"|j|\u2606Colinspeed1\n|j|\u2606NicoHaxVGC\n|t:|1681952348\n|gametype|doubles\n|player|p1|Colinspeed1|102|1027\n|player|p2|NicoHaxVGC|red|1082\n|teamsize|p1|6\n|teamsize|p2|6\n|gen|9\n|tier|[Gen 9] VGC 2023 Regulation C\n|rated|\n|rule|Species Clause: Limit one of each Pok\u00e9mon\n|rule|Item Clause: Limit one of each item\n|clearpoke\n|poke|p1|Skuntank, L50, F|\n|poke|p1|Farigiraf, L50, M|\n|poke|p1|Maushold-Four, L50|\n|poke|p1|Annihilape, L50, M|\n|poke|p1|Meowscarada, L50, M|\n|poke|p1|Bronzor, L50|\n|poke|p2|Flutter Mane, L50|\n|poke|p2|Palafin, L50, M|\n|poke|p2|Ting-Lu, L50|\n|poke|p2|Arcanine, L50, M|\n|poke|p2|Amoonguss, L50, M|\n|poke|p2|Dragonite, L50, M|\n|teampreview|4\n|inactive|Battle timer is ON: inactive players will automatically lose when time's up. (requested by NicoHaxVGC)\n|inactive|Colinspeed1 has 60 seconds left.\n|inactive|NicoHaxVGC has 60 seconds left.\n|\n|t:|1681952383\n|start\n|switch|p1a: Meowscarada|Meowscarada, L50, M|100\/100\n|switch|p1b: Skuntank|Skuntank, L50, F|100\/100\n|switch|p2a: Dragonite|Dragonite, L50, M|100\/100\n|switch|p2b: Flutter Mane|Flutter Mane, L50|100\/100\n|-enditem|p2b: Flutter Mane|Booster Energy\n|-activate|p2b: Flutter Mane|ability: Protosynthesis|[fromitem]\n|-start|p2b: Flutter Mane|protosynthesisspa\n|turn|1\n|\n|t:|1681952401\n|-terastallize|p2a: Dragonite|Flying\n|move|p1a: Meowscarada|Skill Swap|p1b: Skuntank\n|-start|p1a: Meowscarada|typechange|Psychic|[from] ability: Protean\n|-activate|p1a: Meowscarada|move: Skill Swap|||[of] p1b: Skuntank\n|move|p2b: Flutter Mane|Dazzling Gleam|p1b: Skuntank|[spread] p1a,p1b\n|-damage|p1a: Meowscarada|39\/100\n|-damage|p1b: Skuntank|43\/100\n|move|p1b: Skuntank|Toxic|p2a: Dragonite\n|-start|p1b: Skuntank|typechange|Poison|[from] ability: Protean\n|-status|p2a: Dragonite|tox\n|-enditem|p2a: Dragonite|Lum Berry|[eat]\n|-curestatus|p2a: Dragonite|tox|[msg]\n|move|p2a: Dragonite|Tera Blast|p1b: Skuntank\n|-damage|p1b: Skuntank|0 fnt\n|faint|p1b: Skuntank\n|\n|upkeep\n|inactive|Colinspeed1 has 30 seconds left.\n|inactive|Colinspeed1 has 20 seconds left.\n|inactive|Colinspeed1 has 15 seconds left.\n|inactive|Colinspeed1 has 10 seconds left.\n|inactive|Colinspeed1 has 5 seconds left.\n|\n|t:|1681952456\n|switch|p1b: Maushold|Maushold-Four, L50|100\/100\n|turn|2\n|\n|t:|1681952476\n|-terastallize|p1b: Maushold|Normal\n|move|p1b: Maushold|Population Bomb|p2a: Dragonite\n|-damage|p2a: Dragonite|94\/100\n|-damage|p2a: Dragonite|82\/100\n|-damage|p2a: Dragonite|71\/100\n|-hitcount|p2a: Dragonite|3\n|move|p1a: Meowscarada|Knock Off|p2b: Flutter Mane\n|-damage|p2b: Flutter Mane|69\/100\n|cant|p2b: Flutter Mane|flinch\n|move|p2a: Dragonite|Tailwind|p2a: Dragonite\n|-sidestart|p2: NicoHaxVGC|move: Tailwind\n|\n|upkeep\n|turn|3\n|-message|Colinspeed1 forfeited.\n|\n|win|NicoHaxVGC\n|raw|Colinspeed1's rating: 1027 → 1015<\/strong> (-12 for losing)\n|raw|NicoHaxVGC's rating: 1082 → 1105<\/strong> (+23 for winning)\n|l|\u2606Colinspeed1\n","uploadtime":1681952506,"views":10,"p1id":"colinspeed1","p2id":"nicohaxvgc","formatid":"gen9vgc2023regulationc","rating":1015,"private":0,"password":""}