{"id":"gen9vgc2023regulationc-1853116052","p1":"Greninja5800","p2":"mugiwaraLux","format":"[Gen 9] VGC 2023 Regulation C","log":"|j|\u2606Greninja5800\n|j|\u2606mugiwaraLux\n|t:|1682637091\n|gametype|doubles\n|player|p1|Greninja5800|169|\n|player|p2|mugiwaraLux|1|\n|teamsize|p1|6\n|teamsize|p2|6\n|gen|9\n|tier|[Gen 9] VGC 2023 Regulation C\n|rated|Tournament battle\n|rule|Species Clause: Limit one of each Pok\u00e9mon\n|rule|Item Clause: Limit one of each item\n|clearpoke\n|poke|p1|Glimmora, L50, F|\n|poke|p1|Wo-Chien, L50|\n|poke|p1|Iron Bundle, L50|\n|poke|p1|Chi-Yu, L50|\n|poke|p1|Maushold-Four, L50|\n|poke|p1|Annihilape, L50, M|\n|poke|p2|Palafin, L50, M|\n|poke|p2|Amoonguss, L50, F|\n|poke|p2|Flutter Mane, L50|\n|poke|p2|Arcanine, L50, F|\n|poke|p2|Chien-Pao, L50|\n|poke|p2|Roaring Moon, L50|\n|teampreview|4\n|raw| Open Team Sheet for Greninja5800<\/summary>Glimmora @ Assault Vest Ability: Toxic Debris Level: 50 Tera Type: Grass - Mortal Spin - Sludge Bomb - Power Gem - Earth Power Wo-Chien @ Leftovers Ability: Tablets of Ruin Level: 50 Tera Type: Poison - Pollen Puff - Ruination - Leech Seed - Protect Iron Bundle @ Booster Energy Ability: Quark Drive Level: 50 Tera Type: Ghost - Hydro Pump - Freeze-Dry - Icy Wind - Protect Chi-Yu @ Choice Scarf Ability: Beads of Ruin Level: 50 Tera Type: Grass - Heat Wave - Dark Pulse - Tera Blast - Overheat Maushold (Maushold-Four) @ Safety Goggles Ability: Friend Guard Level: 50 Tera Type: Ghost - Super Fang - Beat Up - Follow Me - Protect Annihilape @ Sitrus Berry Ability: Defiant Level: 50 Tera Type: Fire - Rage Fist - Drain Punch - Bulk Up - Protect <\/details><\/div> Open Team Sheet for mugiwaraLux<\/summary>Palafin @ Mystic Water Ability: Zero to Hero Level: 50 Tera Type: Water - Jet Punch - Wave Crash - Protect - Haze Amoonguss @ Sitrus Berry Ability: Regenerator Level: 50 Tera Type: Water - Pollen Puff - Spore - Rage Powder - Protect Mimi (Flutter Mane) @ Choice Specs Ability: Protosynthesis Level: 50 Tera Type: Fairy - Moonblast - Dazzling Gleam - Shadow Ball - Thunderbolt Arcanine @ Safety Goggles Ability: Intimidate Level: 50 Tera Type: Flying - Extreme Speed - Will-O-Wisp - Protect - Flare Blitz Chien-Pao @ Focus Sash Ability: Sword of Ruin Level: 50 Tera Type: Ghost - Ice Spinner - Sucker Punch - Sacred Sword - Protect Roaring Moon @ Booster Energy Ability: Protosynthesis Level: 50 Tera Type: Flying - Acrobatics - Throat Chop - Dragon Dance - Protect <\/details><\/div>\n|inactive|Battle timer is ON: inactive players will automatically lose when time's up. (requested by mugiwaraLux)\n|inactive|Greninja5800 has 60 seconds left.\n|inactive|mugiwaraLux has 60 seconds left.\n|\n|t:|1682637147\n|start\n|switch|p1a: Annihilape|Annihilape, L50, M|100\/100\n|switch|p1b: Maushold|Maushold-Four, L50|100\/100\n|switch|p2a: Chien-Pao|Chien-Pao, L50|100\/100\n|switch|p2b: Roaring Moon|Roaring Moon, L50|100\/100\n|-ability|p2a: Chien-Pao|Sword of Ruin\n|-enditem|p2b: Roaring Moon|Booster Energy\n|-activate|p2b: Roaring Moon|ability: Protosynthesis|[fromitem]\n|-start|p2b: Roaring Moon|protosynthesisatk\n|turn|1\n|inactive|Greninja5800 has 30 seconds left.\n|inactive|Greninja5800 has 20 seconds left.\n|inactive|Greninja5800 has 15 seconds left.\n|inactive|Greninja5800 has 10 seconds left.\n|inactive|Greninja5800 has 5 seconds left.\n|\n|t:|1682637201\n|-terastallize|p2b: Roaring Moon|Flying\n|move|p1b: Maushold|Follow Me|p1b: Maushold\n|-singleturn|p1b: Maushold|move: Follow Me\n|move|p2a: Chien-Pao|Ice Spinner|p1b: Maushold\n|-damage|p1b: Maushold|39\/100\n|move|p2b: Roaring Moon|Dragon Dance|p2b: Roaring Moon\n|-boost|p2b: Roaring Moon|atk|1\n|-boost|p2b: Roaring Moon|spe|1\n|move|p1a: Annihilape|Drain Punch|p2b: Roaring Moon\n|-resisted|p2b: Roaring Moon\n|-damage|p2b: Roaring Moon|75\/100\n|\n|upkeep\n|turn|2\n|inactive|mugiwaraLux has 30 seconds left.\n|\n|t:|1682637227\n|switch|p2a: Amoonguss|Amoonguss, L50, F|100\/100\n|-terastallize|p1a: Annihilape|Fire\n|move|p1b: Maushold|Protect|p1b: Maushold\n|-singleturn|p1b: Maushold|Protect\n|move|p2b: Roaring Moon|Acrobatics|p1a: Annihilape\n|-damage|p1a: Annihilape|11\/100\n|-enditem|p1a: Annihilape|Sitrus Berry|[eat]\n|-heal|p1a: Annihilape|36\/100|[from] item: Sitrus Berry\n|move|p1a: Annihilape|Drain Punch|p2a: Amoonguss\n|-resisted|p2a: Amoonguss\n|-damage|p2a: Amoonguss|88\/100\n|-heal|p1a: Annihilape|42\/100|[from] drain|[of] p2a: Amoonguss\n|\n|upkeep\n|turn|3\n|inactive|mugiwaraLux has 30 seconds left.\n|\n|t:|1682637258\n|move|p2b: Roaring Moon|Protect|p2b: Roaring Moon\n|-singleturn|p2b: Roaring Moon|Protect\n|move|p1a: Annihilape|Protect|p1a: Annihilape\n|-singleturn|p1a: Annihilape|Protect\n|move|p1b: Maushold|Super Fang|p2b: Roaring Moon\n|-activate|p2b: Roaring Moon|move: Protect\n|move|p2a: Amoonguss|Spore|p1b: Maushold\n|-activate|p1b: Maushold|item: Safety Goggles|Spore\n|\n|upkeep\n|turn|4\n|\n|t:|1682637274\n|move|p2a: Amoonguss|Rage Powder|p2a: Amoonguss\n|-singleturn|p2a: Amoonguss|move: Rage Powder\n|move|p2b: Roaring Moon|Acrobatics|p1a: Annihilape\n|-damage|p1a: Annihilape|0 fnt\n|faint|p1a: Annihilape\n|move|p1b: Maushold|Super Fang|p2a: Amoonguss\n|-damage|p2a: Amoonguss|45\/100\n|-enditem|p2a: Amoonguss|Sitrus Berry|[eat]\n|-heal|p2a: Amoonguss|70\/100|[from] item: Sitrus Berry\n|\n|upkeep\n|\n|t:|1682637282\n|switch|p1a: Iron Bundle|Iron Bundle, L50|100\/100\n|-enditem|p1a: Iron Bundle|Booster Energy\n|-activate|p1a: Iron Bundle|ability: Quark Drive|[fromitem]\n|-start|p1a: Iron Bundle|quarkdrivespe\n|turn|5\n|inactive|Greninja5800 has 30 seconds left.\n|inactive|mugiwaraLux has 30 seconds left.\n|inactive|Greninja5800 has 20 seconds left.\n|inactive|Greninja5800 has 15 seconds left.\n|inactive|Greninja5800 has 10 seconds left.\n|\n|t:|1682637328\n|move|p2a: Amoonguss|Rage Powder|p2a: Amoonguss\n|-singleturn|p2a: Amoonguss|move: Rage Powder\n|move|p1a: Iron Bundle|Freeze-Dry|p2a: Amoonguss\n|-supereffective|p2a: Amoonguss\n|-damage|p2a: Amoonguss|15\/100\n|move|p2b: Roaring Moon|Acrobatics|p1a: Iron Bundle\n|-damage|p1a: Iron Bundle|0 fnt\n|faint|p1a: Iron Bundle\n|-end|p1a: Iron Bundle|Quark Drive|[silent]\n|move|p1b: Maushold|Super Fang|p2a: Amoonguss\n|-damage|p2a: Amoonguss|8\/100\n|\n|upkeep\n|\n|t:|1682637335\n|switch|p1a: Wo-Chien|Wo-Chien, L50|100\/100\n|-ability|p1a: Wo-Chien|Tablets of Ruin\n|turn|6\n|\n|t:|1682637345\n|switch|p2a: Chien-Pao|Chien-Pao, L50|100\/100\n|-ability|p2a: Chien-Pao|Sword of Ruin\n|move|p2b: Roaring Moon|Acrobatics|p1a: Wo-Chien\n|-supereffective|p1a: Wo-Chien\n|-damage|p1a: Wo-Chien|0 fnt\n|faint|p1a: Wo-Chien\n|move|p1b: Maushold|Beat Up|p2a: Chien-Pao\n|-resisted|p2a: Chien-Pao\n|-crit|p2a: Chien-Pao\n|-damage|p2a: Chien-Pao|99\/100\n|-hitcount|p2a: Chien-Pao|1\n|\n|upkeep\n|turn|7\n|-message|Greninja5800 forfeited.\n|\n|win|mugiwaraLux\n|n|\u2606Greninja5800|greninja5800\n|n|\u2606mugiwaraLux|mugiwaralux\n|l|\u2606Greninja5800\n","uploadtime":1682637362,"views":8,"p1id":"greninja5800","p2id":"mugiwaralux","formatid":"gen9vgc2023regulationc","rating":0,"private":0,"password":""}