{"id":"gen9vgc2023regulationc-1849023218","p1":"Drizzel090","p2":"dusttrustblueberry","format":"[Gen 9] VGC 2023 Regulation C","log":"|j|\u2606Drizzel090\n|j|\u2606dusttrustblueberry\n|t:|1682140614\n|gametype|doubles\n|player|p1|Drizzel090|1|1026\n|player|p2|dusttrustblueberry|cynthia-gen4|1084\n|teamsize|p1|6\n|teamsize|p2|6\n|gen|9\n|tier|[Gen 9] VGC 2023 Regulation C\n|rated|\n|rule|Species Clause: Limit one of each Pok\u00e9mon\n|rule|Item Clause: Limit one of each item\n|clearpoke\n|poke|p1|Hatterene, L50, F|\n|poke|p1|Indeedee-F, L50, F|\n|poke|p1|Sableye, L50, F|\n|poke|p1|Krookodile, L50, M|\n|poke|p1|Flamigo, L50, M|\n|poke|p1|Meowscarada, L50, F|\n|poke|p2|Gholdengo, L50|\n|poke|p2|Scream Tail, L50|\n|poke|p2|Indeedee-F, L50, F|\n|poke|p2|Annihilape, L50, M|\n|poke|p2|Maushold, L50|\n|poke|p2|Armarouge, L50, F|\n|teampreview|4\n|\n|t:|1682140632\n|start\n|switch|p1a: Not what you think|Meowscarada, L50, F, shiny|100\/100\n|switch|p1b: You tried|Krookodile, L50, M, shiny|100\/100\n|switch|p2a: Indeedee|Indeedee-F, L50, F|100\/100\n|switch|p2b: Armarouge|Armarouge, L50, F|100\/100\n|-fieldstart|move: Psychic Terrain|[from] ability: Psychic Surge|[of] p2a: Indeedee\n|-enditem|p2a: Indeedee|Psychic Seed\n|-boost|p2a: Indeedee|spd|1|[from] item: Psychic Seed\n|turn|1\n|\n|t:|1682140649\n|move|p2b: Armarouge|Wide Guard|p2b: Armarouge\n|-singleturn|p2b: Armarouge|Wide Guard\n|move|p1a: Not what you think|Flower Trick|p1b: You tried\n|-supereffective|p1b: You tried\n|-crit|p1b: You tried\n|-damage|p1b: You tried|5\/100\n|-setboost|p1b: You tried|atk|6|[from] ability: Anger Point\n|-enditem|p1b: You tried|Salac Berry|[eat]\n|-boost|p1b: You tried|spe|1|[from] item: Salac Berry\n|move|p1b: You tried|Earthquake|p2a: Indeedee|[spread] p1a\n|-activate|p2a: Indeedee|move: Wide Guard\n|-activate|p2b: Armarouge|move: Wide Guard\n|-resisted|p1a: Not what you think\n|-damage|p1a: Not what you think|0 fnt\n|faint|p1a: Not what you think\n|move|p2a: Indeedee|Dazzling Gleam|p1b: You tried\n|-supereffective|p1b: You tried\n|-damage|p1b: You tried|0 fnt\n|faint|p1b: You tried\n|\n|upkeep\n|-message|Drizzel090 forfeited.\n|\n|win|dusttrustblueberry\n|raw|Drizzel090's rating: 1026 → 1014<\/strong> (-12 for losing)\n|raw|dusttrustblueberry's rating: 1084 → 1107<\/strong> (+23 for winning)\n|l|\u2606Drizzel090\n","uploadtime":1682140678,"views":12,"p1id":"drizzel090","p2id":"dusttrustblueberry","formatid":"gen9vgc2023regulationc","rating":1014,"private":0,"password":""}