{"id":"gen9vgc2023regulationc-1858732188","p1":"littlemagpie2","p2":"Dingle64","format":"[Gen 9] VGC 2023 Regulation C","log":"|j|\u2606littlemagpie2\n|j|\u2606Dingle64\n|t:|1683350057\n|gametype|doubles\n|player|p1|littlemagpie2|workerice|1142\n|player|p2|Dingle64|hilbert|1185\n|teamsize|p1|6\n|teamsize|p2|6\n|gen|9\n|tier|[Gen 9] VGC 2023 Regulation C\n|rated|\n|rule|Species Clause: Limit one of each Pok\u00e9mon\n|rule|Item Clause: Limit one of each item\n|clearpoke\n|poke|p1|Bronzong, L50|\n|poke|p1|Murkrow, L50, M|\n|poke|p1|Garchomp, L50, F|\n|poke|p1|Dragonite, L50, M|\n|poke|p1|Annihilape, L50, M|\n|poke|p1|Orthworm, L50, F|\n|poke|p2|Palafin, L50, M|\n|poke|p2|Amoonguss, L50, M|\n|poke|p2|Flutter Mane, L50|\n|poke|p2|Great Tusk, L50|\n|poke|p2|Dragonite, L50, M|\n|poke|p2|Chi-Yu, L50|\n|teampreview|4\n|\n|t:|1683350087\n|start\n|switch|p1a: Annihilape|Annihilape, L50, M|100\/100\n|switch|p1b: Bronzong|Bronzong, L50|100\/100\n|switch|p2a: Palafin|Palafin, L50, M|100\/100\n|switch|p2b: Amoonguss|Amoonguss, L50, M|100\/100\n|turn|1\n|\n|t:|1683350104\n|detailschange|p2a: Palafin|Palafin-Hero, L50, M\n|switch|p2a: Chi-Yu|Chi-Yu, L50|100\/100\n|-ability|p2a: Chi-Yu|Beads of Ruin\n|switch|p1b: Murkrow|Murkrow, L50, M|100\/100\n|move|p2b: Amoonguss|Rage Powder|p2b: Amoonguss\n|-singleturn|p2b: Amoonguss|move: Rage Powder\n|move|p1a: Annihilape|Final Gambit|p2b: Amoonguss\n|-damage|p2b: Amoonguss|2\/100\n|-enditem|p2b: Amoonguss|Sitrus Berry|[eat]\n|-heal|p2b: Amoonguss|27\/100|[from] item: Sitrus Berry\n|faint|p1a: Annihilape\n|\n|upkeep\n|\n|t:|1683350116\n|switch|p1a: Garchomp|Garchomp, L50, F|100\/100\n|turn|2\n|\n|t:|1683350131\n|switch|p2b: Flutter Mane|Flutter Mane, L50|100\/100\n|-enditem|p2b: Flutter Mane|Booster Energy\n|-activate|p2b: Flutter Mane|ability: Protosynthesis|[fromitem]\n|-start|p2b: Flutter Mane|protosynthesisspa\n|-terastallize|p1a: Garchomp|Ground\n|move|p1b: Murkrow|Tailwind|p1b: Murkrow\n|-sidestart|p1: littlemagpie2|move: Tailwind\n|move|p1a: Garchomp|Earthquake|p2b: Flutter Mane|[spread] p2a,p2b\n|-immune|p1b: Murkrow\n|-supereffective|p2a: Chi-Yu\n|-damage|p2a: Chi-Yu|0 fnt\n|-damage|p2b: Flutter Mane|0 fnt\n|faint|p2a: Chi-Yu\n|faint|p2b: Flutter Mane\n|-end|p2b: Flutter Mane|Protosynthesis|[silent]\n|-damage|p1a: Garchomp|91\/100|[from] item: Life Orb\n|\n|upkeep\n|\n|t:|1683350145\n|switch|p2b: Palafin|Palafin-Hero, L50, M|100\/100\n|switch|p2a: Amoonguss|Amoonguss, L50, M|60\/100\n|-activate|p2b: Palafin|ability: Zero to Hero\n|turn|3\n|\n|t:|1683350161\n|-terastallize|p2b: Palafin|Water\n|move|p1b: Murkrow|Taunt|p2a: Amoonguss\n|-start|p2a: Amoonguss|move: Taunt\n|move|p1a: Garchomp|Earthquake|p2b: Palafin|[spread] p2a,p2b\n|-immune|p1b: Murkrow\n|-damage|p2a: Amoonguss|0 fnt\n|-damage|p2b: Palafin|29\/100\n|faint|p2a: Amoonguss\n|-damage|p1a: Garchomp|81\/100|[from] item: Life Orb\n|move|p2b: Palafin|Wave Crash|p1a: Garchomp\n|-supereffective|p1a: Garchomp\n|-damage|p1a: Garchomp|0 fnt\n|-damage|p2b: Palafin|17\/100|[from] ability: Rough Skin|[of] p1a: Garchomp\n|faint|p1a: Garchomp\n|-damage|p2b: Palafin|0 fnt|[from] Recoil\n|faint|p2b: Palafin\n|\n|win|littlemagpie2\n|raw|littlemagpie2's rating: 1142 → 1170<\/strong> (+28 for winning)\n|raw|Dingle64's rating: 1185 → 1157<\/strong> (-28 for losing)\n|c|\u2606littlemagpie2|gg\n|l|\u2606Dingle64\n","uploadtime":1683350181,"views":5,"p1id":"littlemagpie2","p2id":"dingle64","formatid":"gen9vgc2023regulationc","rating":1157,"private":0,"password":""}