{"id":"gen9vgc2023regulationc-1846759528","p1":"leafyarrow","p2":"Argyris","format":"[Gen 9] VGC 2023 Regulation C","log":"|j|\u2606leafyarrow\n|j|\u2606Argyris\n|t:|1681875072\n|gametype|doubles\n|player|p1|leafyarrow|leaf-gen3|1336\n|player|p2|Argyris|lass-gen4|1272\n|teamsize|p1|6\n|teamsize|p2|6\n|gen|9\n|tier|[Gen 9] VGC 2023 Regulation C\n|rated|\n|rule|Species Clause: Limit one of each Pok\u00e9mon\n|rule|Item Clause: Limit one of each item\n|clearpoke\n|poke|p1|Flutter Mane, L50|\n|poke|p1|Palafin, L50, M|\n|poke|p1|Amoonguss, L50, M|\n|poke|p1|Ting-Lu, L50|\n|poke|p1|Arcanine, L50, F|\n|poke|p1|Roaring Moon, L50|\n|poke|p2|Tatsugiri, L50, F|\n|poke|p2|Glimmora, L50, M|\n|poke|p2|Dragonite, L50, M|\n|poke|p2|Iron Bundle, L50|\n|poke|p2|Dondozo, L50, F|\n|poke|p2|Chi-Yu, L50|\n|teampreview|4\nleafyarrow has agreed to open team sheets.\nArgyris has agreed to open team sheets.\n|\n|t:|1681875142\n|start\n|switch|p1a: Flutter Mane|Flutter Mane, L50|100\/100\n|switch|p1b: Palafin|Palafin, L50, M|100\/100\n|switch|p2a: Dragonite|Dragonite, L50, M, shiny|100\/100\n|switch|p2b: Glimmora|Glimmora, L50, M|100\/100\n|turn|1\n|\n|t:|1681875185\n|-terastallize|p2a: Dragonite|Flying\n|move|p1b: Palafin|Jet Punch|p2a: Dragonite\n|-damage|p2a: Dragonite|88\/100\n|move|p1a: Flutter Mane|Power Gem|p2a: Dragonite\n|-supereffective|p2a: Dragonite\n|-damage|p2a: Dragonite|15\/100\n|move|p2a: Dragonite|Tera Blast|p1a: Flutter Mane\n|-damage|p1a: Flutter Mane|0 fnt\n|faint|p1a: Flutter Mane\n|-end|p1a: Flutter Mane|Protosynthesis|[silent]\n|move|p2b: Glimmora|Mortal Spin|p1b: Palafin\n|-damage|p1b: Palafin|93\/100\n|-status|p1b: Palafin|psn\n|\n|-damage|p1b: Palafin|81\/100 psn|[from] psn\n|upkeep\n|\n|t:|1681875199\n|switch|p1a: Arcanine|Arcanine, L50, F|100\/100\n|-ability|p1a: Arcanine|Intimidate|boost\n|-unboost|p2a: Dragonite|atk|1\n|-unboost|p2b: Glimmora|atk|1\n|turn|2\n|\n|t:|1681875239\n|move|p1a: Arcanine|Extreme Speed|p2a: Dragonite\n|-damage|p2a: Dragonite|0 fnt\n|faint|p2a: Dragonite\n|move|p1b: Palafin|Wave Crash|p2b: Glimmora\n|-supereffective|p2b: Glimmora\n|-damage|p2b: Glimmora|0 fnt\n|-activate|p2b: Glimmora|ability: Toxic Debris\n|-sidestart|p1: leafyarrow|move: Toxic Spikes\n|faint|p2b: Glimmora\n|-damage|p1b: Palafin|50\/100 psn|[from] Recoil\n|\n|-damage|p1b: Palafin|37\/100 psn|[from] psn\n|upkeep\n|\n|t:|1681875251\n|switch|p2a: Chi-Yu|Chi-Yu, L50|100\/100\n|switch|p2b: Iron Bundle|Iron Bundle, L50|100\/100\n|-ability|p2a: Chi-Yu|Beads of Ruin\n|-enditem|p2b: Iron Bundle|Booster Energy\n|-activate|p2b: Iron Bundle|ability: Quark Drive|[fromitem]\n|-start|p2b: Iron Bundle|quarkdrivespe\n|turn|3\n|\n|t:|1681875301\n|detailschange|p1b: Palafin|Palafin-Hero, L50, M\n|switch|p1b: Amoonguss|Amoonguss, L50, M|100\/100\n|-sideend|p1: leafyarrow|move: Toxic Spikes|[of] p1b: Amoonguss\n|move|p2b: Iron Bundle|Hydro Pump|p1a: Arcanine\n|-supereffective|p1a: Arcanine\n|-damage|p1a: Arcanine|0 fnt\n|faint|p1a: Arcanine\n|move|p2a: Chi-Yu|Heat Wave|p1b: Amoonguss\n|-supereffective|p1b: Amoonguss\n|-damage|p1b: Amoonguss|0 fnt\n|faint|p1b: Amoonguss\n|\n|upkeep\n|\n|t:|1681875310\n|switch|p1b: Palafin|Palafin-Hero, L50, M|37\/100 psn\n|-activate|p1b: Palafin|ability: Zero to Hero\n|turn|4\n|\n|t:|1681875328\n|-terastallize|p1b: Palafin|Water\n|move|p1b: Palafin|Jet Punch|p2a: Chi-Yu\n|-supereffective|p2a: Chi-Yu\n|-enditem|p2a: Chi-Yu|Focus Sash\n|-damage|p2a: Chi-Yu|1\/100\n|move|p2b: Iron Bundle|Freeze-Dry|p1b: Palafin\n|-supereffective|p1b: Palafin\n|-damage|p1b: Palafin|0 fnt\n|faint|p1b: Palafin\n|\n|win|Argyris\n|raw|leafyarrow's rating: 1336 → 1312<\/strong> (-24 for losing)\n|raw|Argyris's rating: 1272 → 1302<\/strong> (+30 for winning)\n|c|\u2606Argyris|gg\n","uploadtime":1681875336,"views":13,"p1id":"leafyarrow","p2id":"argyris","formatid":"gen9vgc2023regulationc","rating":1302,"private":0,"password":""}