{"id":"gen9vgc2023regulationc-1847742994","p1":"TDDwarf","p2":"CbuttyVGC","format":"[Gen 9] VGC 2023 Regulation C","log":"|j|\u2606TDDwarf\n|j|\u2606CbuttyVGC\n|t:|1681998152\n|gametype|doubles\n|player|p1|TDDwarf|worker-gen4|1183\n|player|p2|CbuttyVGC|acetrainer-gen4dp|1240\n|teamsize|p1|6\n|teamsize|p2|6\n|gen|9\n|tier|[Gen 9] VGC 2023 Regulation C\n|rated|\n|rule|Species Clause: Limit one of each Pok\u00e9mon\n|rule|Item Clause: Limit one of each item\n|clearpoke\n|poke|p1|Kingambit, L50, F|\n|poke|p1|Palafin, L50, F|\n|poke|p1|Goodra, L50, M|\n|poke|p1|Arcanine, L50, M|\n|poke|p1|Flutter Mane, L50|\n|poke|p1|Amoonguss, L50, F|\n|poke|p2|Flutter Mane, L50|\n|poke|p2|Wo-Chien, L50|\n|poke|p2|Gholdengo, L50|\n|poke|p2|Iron Hands, L50|\n|poke|p2|Arcanine, L50, F|\n|poke|p2|Palafin, L50, M|\n|teampreview|4\n|inactive|Battle timer is ON: inactive players will automatically lose when time's up. (requested by CbuttyVGC)\n|inactive|TDDwarf also wants the timer to be on.\n|inactive|TDDwarf has 60 seconds left.\n|\n|t:|1681998211\n|start\n|switch|p1a: Kingambit|Kingambit, L50, F|100\/100\n|switch|p1b: Palafin|Palafin, L50, F|100\/100\n|switch|p2a: Arcanine|Arcanine, L50, F|100\/100\n|switch|p2b: Palafin|Palafin, L50, M, shiny|100\/100\n|-ability|p2a: Arcanine|Intimidate|boost\n|-unboost|p1a: Kingambit|atk|1\n|-ability|p1a: Kingambit|Defiant|boost\n|-boost|p1a: Kingambit|atk|2\n|-unboost|p1b: Palafin|atk|1\n|turn|1\n|\n|t:|1681998231\n|detailschange|p1b: Palafin|Palafin-Hero, L50, F\n|switch|p1b: Amoonguss|Amoonguss, L50, F|100\/100\n|-terastallize|p1a: Kingambit|Flying\n|move|p2b: Palafin|Haze|p2b: Palafin\n|-clearallboost\n|move|p2a: Arcanine|Will-O-Wisp|p1a: Kingambit\n|-status|p1a: Kingambit|brn\n|move|p1a: Kingambit|Iron Head|p2b: Palafin\n|-resisted|p2b: Palafin\n|-damage|p2b: Palafin|88\/100\n|\n|-damage|p1a: Kingambit|95\/100 brn|[from] brn\n|upkeep\n|turn|2\n|-message|TDDwarf forfeited.\n|\n|win|CbuttyVGC\n|raw|TDDwarf's rating: 1183 → 1162<\/strong> (-21 for losing)\n|raw|CbuttyVGC's rating: 1240 → 1261<\/strong> (+21 for winning)\n|c|\u2606TDDwarf|cba\n","uploadtime":1681998250,"views":13,"p1id":"tddwarf","p2id":"cbuttyvgc","formatid":"gen9vgc2023regulationc","rating":1162,"private":0,"password":""}