{"id":"gen9vgc2023regulationc-1846733497","p1":"Shnipe_Cizy","p2":"Creeper9073157","format":"[Gen 9] VGC 2023 Regulation C","log":"|j|\u2606Shnipe_Cizy\n|j|\u2606Creeper9073157\n|t:|1681871609\n|gametype|doubles\n|player|p1|Shnipe_Cizy|lance|1075\n|player|p2|Creeper9073157|red|1000\n|teamsize|p1|6\n|teamsize|p2|6\n|gen|9\n|tier|[Gen 9] VGC 2023 Regulation C\n|rated|\n|rule|Species Clause: Limit one of each Pok\u00e9mon\n|rule|Item Clause: Limit one of each item\n|clearpoke\n|poke|p1|Hatterene, L50, F|\n|poke|p1|Torkoal, L50, F|\n|poke|p1|Indeedee-F, L50, F|\n|poke|p1|Hariyama, L50, M|\n|poke|p1|Oranguru, L50, M|\n|poke|p1|Kingambit, L50, M|\n|poke|p2|Dragapult, L50, M|\n|poke|p2|Sylveon, L50, M|\n|poke|p2|Breloom, L50, M|\n|poke|p2|Sableye, L50, M|\n|poke|p2|Gumshoos, L50, M|\n|poke|p2|Chansey, L50, F|\n|teampreview|4\nShnipe_Cizy has agreed to open team sheets.\n|\n|t:|1681871652\n|start\n|switch|p1a: Hatterene|Hatterene, L50, F|100\/100\n|switch|p1b: Torkoal|Torkoal, L50, F|100\/100\n|switch|p2a: Chansey|Chansey, L50, F|100\/100\n|switch|p2b: Gumshoos|Gumshoos, L50, M|100\/100\n|-weather|SunnyDay|[from] ability: Drought|[of] p1b: Torkoal\n|turn|1\n|\n|t:|1681871675\n|move|p1b: Torkoal|Protect|p1b: Torkoal\n|-singleturn|p1b: Torkoal|Protect\n|move|p2a: Chansey|Rock Slide|p1a: Hatterene|[spread] p1a\n|-activate|p1b: Torkoal|move: Protect\n|-damage|p1a: Hatterene|97\/100\n|move|p2b: Gumshoos|Crunch|p1a: Hatterene\n|-damage|p1a: Hatterene|48\/100\n|move|p1a: Hatterene|Trick Room|p1a: Hatterene\n|-fieldstart|move: Trick Room|[of] p1a: Hatterene\n|\n|-weather|SunnyDay|[upkeep]\n|upkeep\n|turn|2\n|\n|t:|1681871696\n|-terastallize|p1b: Torkoal|Fire\n|move|p1b: Torkoal|Eruption|p2b: Gumshoos|[spread] p2a,p2b\n|-damage|p2a: Chansey|64\/100\n|-damage|p2b: Gumshoos|0 fnt\n|faint|p2b: Gumshoos\n|move|p1a: Hatterene|Dazzling Gleam|p2a: Chansey\n|-damage|p2a: Chansey|43\/100\n|-damage|p1a: Hatterene|38\/100|[from] item: Life Orb\n|move|p2a: Chansey|Rock Slide|p1a: Hatterene|[spread] p1a,p1b\n|-supereffective|p1b: Torkoal\n|-damage|p1a: Hatterene|34\/100\n|-damage|p1b: Torkoal|95\/100\n|\n|-weather|SunnyDay|[upkeep]\n|upkeep\n|\n|t:|1681871714\n|switch|p2b: Sylveon|Sylveon, L50, M|100\/100\n|turn|3\n|\n|t:|1681871724\n|move|p1b: Torkoal|Eruption|p2a: Chansey|[spread] p2a,p2b\n|-damage|p2a: Chansey|7\/100\n|-damage|p2b: Sylveon|26\/100\n|move|p1a: Hatterene|Dazzling Gleam|p2b: Sylveon|[spread] p2a,p2b\n|-damage|p2a: Chansey|0 fnt\n|-damage|p2b: Sylveon|0 fnt\n|faint|p2a: Chansey\n|faint|p2b: Sylveon\n|-damage|p1a: Hatterene|24\/100|[from] item: Life Orb\n|\n|-weather|SunnyDay|[upkeep]\n|upkeep\n|-message|Creeper9073157 forfeited.\n|\n|win|Shnipe_Cizy\n|raw|Shnipe_Cizy's rating: 1075 → 1098<\/strong> (+23 for winning)\n|raw|Creeper9073157's rating: 1000 → 1000<\/strong> (+0 for losing)\n|l|\u2606Creeper9073157\n","uploadtime":1681871744,"views":15,"p1id":"shnipecizy","p2id":"creeper9073157","formatid":"gen9vgc2023regulationc","rating":1000,"private":0,"password":""}