{"id":"gen9vgc2023regulationc-1854943833","p1":"tomciv20","p2":"JJ22FTW","format":"[Gen 9] VGC 2023 Regulation C","log":"|j|\u2606tomciv20\n|j|\u2606JJ22FTW\n|t:|1682883436\n|gametype|doubles\n|player|p1|tomciv20|102|\n|player|p2|JJ22FTW|169|\n|teamsize|p1|6\n|teamsize|p2|6\n|gen|9\n|tier|[Gen 9] VGC 2023 Regulation C\n|rule|Species Clause: Limit one of each Pok\u00e9mon\n|rule|Item Clause: Limit one of each item\n|clearpoke\n|poke|p1|Iron Hands, L50|\n|poke|p1|Oranguru, L50, M|\n|poke|p1|Garganacl, L50, M|\n|poke|p1|Hydreigon, L50, F|\n|poke|p1|Meowscarada, L50, F|\n|poke|p1|Grimmsnarl, L50, M|\n|poke|p2|Garchomp, L50, M|\n|poke|p2|Talonflame, L50, M|\n|poke|p2|Gengar, L50, M|\n|poke|p2|Gardevoir, L50, F|\n|poke|p2|Bisharp, L50, F|\n|poke|p2|Iron Valiant, L50|\n|teampreview|4\nJJ22FTW rejected open team sheets.\n|inactive|Battle timer is ON: inactive players will automatically lose when time's up. (requested by tomciv20)\n|\n|t:|1682883479\n|start\n|switch|p1a: Iron Hands|Iron Hands, L50|100\/100\n|switch|p1b: Oranguru|Oranguru, L50, M|100\/100\n|switch|p2a: Have Mercy...|Gardevoir, L50, F|100\/100\n|switch|p2b: Gardelladevior|Iron Valiant, L50|100\/100\n|-ability|p2a: Have Mercy...|Symbiosis|[from] ability: Trace|[of] p1b: Oranguru\n|-enditem|p1a: Iron Hands|Booster Energy\n|-activate|p1b: Oranguru|ability: Symbiosis|Protective Pads|[of] p1a: Iron Hands\n|-activate|p1a: Iron Hands|ability: Quark Drive|[fromitem]\n|-start|p1a: Iron Hands|quarkdriveatk\n|turn|1\n|inactive|tomciv20 has 30 seconds left.\n|inactive|JJ22FTW has 30 seconds left.\n|inactive|tomciv20 has 20 seconds left.\n|inactive|tomciv20 has 15 seconds left.\n|\n|t:|1682883519\n|move|p1a: Iron Hands|Fake Out|p2b: Gardelladevior\n|-damage|p2b: Gardelladevior|76\/100\n|cant|p2b: Gardelladevior|flinch\n|move|p2a: Have Mercy...|Dazzling Gleam|p1a: Iron Hands|[spread] p1a,p1b\n|-supereffective|p1a: Iron Hands\n|-damage|p1a: Iron Hands|59\/100\n|-damage|p1b: Oranguru|76\/100\n|move|p1b: Oranguru|Trick Room|p1b: Oranguru\n|-fieldstart|move: Trick Room|[of] p1b: Oranguru\n|\n|upkeep\n|turn|2\n|inactive|JJ22FTW has 30 seconds left.\n|\n|t:|1682883544\n|move|p1a: Iron Hands|Heavy Slam|p2a: Have Mercy...\n|-supereffective|p2a: Have Mercy...\n|-damage|p2a: Have Mercy...|0 fnt\n|faint|p2a: Have Mercy...\n|move|p1b: Oranguru|Instruct|p1a: Iron Hands\n|-singleturn|p1a: Iron Hands|move: Instruct|[of] p1b: Oranguru\n|move|p1a: Iron Hands|Heavy Slam|p2b: Gardelladevior\n|-supereffective|p2b: Gardelladevior\n|-damage|p2b: Gardelladevior|0 fnt\n|faint|p2b: Gardelladevior\n|-end|p2b: Gardelladevior|Quark Drive|[silent]\n|\n|upkeep\n|\n|t:|1682883562\n|switch|p2a: IGarTheWaySheChomp|Garchomp, L50, M|100\/100\n|switch|p2b: HungLikeAMoose|Talonflame, L50, M, shiny|100\/100\n|turn|3\n|inactive|JJ22FTW has 30 seconds left.\n|\n|t:|1682883588\n|-terastallize|p1a: Iron Hands|Flying\n|move|p1a: Iron Hands|Ice Punch|p2a: IGarTheWaySheChomp\n|-supereffective|p2a: IGarTheWaySheChomp\n|-damage|p2a: IGarTheWaySheChomp|0 fnt\n|-activate|p2a: IGarTheWaySheChomp|ability: Rough Skin\n|-activate|p1a: Iron Hands|item: Protective Pads\n|faint|p2a: IGarTheWaySheChomp\n|move|p1b: Oranguru|Instruct|p1a: Iron Hands\n|-singleturn|p1a: Iron Hands|move: Instruct|[of] p1b: Oranguru\n|move|p1a: Iron Hands|Ice Punch|p2b: HungLikeAMoose\n|-damage|p2b: HungLikeAMoose|61\/100\n|move|p2b: HungLikeAMoose|Brave Bird|p1a: Iron Hands\n|-damage|p1a: Iron Hands|37\/100\n|-damage|p2b: HungLikeAMoose|50\/100|[from] Recoil\n|\n|upkeep\n|turn|4\n|inactive|JJ22FTW has 30 seconds left.\n|\n|t:|1682883616\n|-terastallize|p2b: HungLikeAMoose|Electric\n|move|p1a: Iron Hands|Thunder Punch|p2b: HungLikeAMoose\n|-resisted|p2b: HungLikeAMoose\n|-damage|p2b: HungLikeAMoose|19\/100\n|move|p1b: Oranguru|Instruct|p1a: Iron Hands\n|-singleturn|p1a: Iron Hands|move: Instruct|[of] p1b: Oranguru\n|move|p1a: Iron Hands|Thunder Punch|p2b: HungLikeAMoose\n|-resisted|p2b: HungLikeAMoose\n|-damage|p2b: HungLikeAMoose|0 fnt\n|faint|p2b: HungLikeAMoose\n|\n|win|tomciv20\n","uploadtime":1682883924,"views":14,"p1id":"tomciv20","p2id":"jj22ftw","formatid":"gen9vgc2023regulationc","rating":0,"private":0,"password":""}