{"id":"gen9vgc2023regulationc-1855138698","p1":"joscake","p2":"Alphonse_gg","format":"[Gen 9] VGC 2023 Regulation C","log":"|j|\u2606joscake\n|j|\u2606Alphonse_gg\n|t:|1682905987\n|gametype|doubles\n|player|p1|joscake|hilbert-wonderlauncher|\n|player|p2|Alphonse_gg|crasherwake|\n|teamsize|p1|6\n|teamsize|p2|6\n|gen|9\n|tier|[Gen 9] VGC 2023 Regulation C\n|rule|Species Clause: Limit one of each Pok\u00e9mon\n|rule|Item Clause: Limit one of each item\n|clearpoke\n|poke|p1|Goodra, L50, F|\n|poke|p1|Talonflame, L50, F|\n|poke|p1|Glalie, L50, M|\n|poke|p1|Dragonite, L50, M|\n|poke|p1|Rotom-Wash, L50|\n|poke|p1|Annihilape, L50, M|\n|poke|p2|Torkoal, L50, M|\n|poke|p2|Garchomp, L50, M|\n|poke|p2|Rotom-Wash, L50|\n|poke|p2|Goodra, L50, M|\n|poke|p2|Tauros-Paldea-Blaze, L50, M|\n|poke|p2|Staraptor, L50, F|\n|teampreview|4\n|c|\u2606joscake|ya estoy\n|j| ScalonetaPibe\n|c|\u2606joscake|pa hoy pe\n|\n|t:|1682906118\n|start\n|switch|p1a: Talonflame|Talonflame, L50, F|100\/100\n|switch|p1b: Annihilape|Annihilape, L50, M|100\/100\n|switch|p2a: Garchomp|Garchomp, L50, M|100\/100\n|switch|p2b: Staraptor|Staraptor, L50, F|100\/100\n|turn|1\n|l| ScalonetaPibe\n|j| ScalonetaPibe\n|\n|t:|1682906162\n|-terastallize|p1b: Annihilape|Fire\n|move|p1a: Talonflame|Tailwind|p1a: Talonflame\n|-sidestart|p1: joscake|move: Tailwind\n|move|p1b: Annihilape|Rock Slide|p2a: Garchomp|[spread] p2a\n|-miss|p1b: Annihilape|p2b: Staraptor\n|-resisted|p2a: Garchomp\n|-damage|p2a: Garchomp|91\/100\n|cant|p2a: Garchomp|flinch\n|move|p2b: Staraptor|Brave Bird|p1b: Annihilape\n|-damage|p1b: Annihilape|0 fnt\n|faint|p1b: Annihilape\n|-damage|p2b: Staraptor|62\/100|[from] Recoil\n|\n|upkeep\n|j| PanduxD\n|\n|t:|1682906198\n|switch|p1b: Glalie|Glalie, L50, M|100\/100\n|turn|2\n|l| PanduxD\n|\n|t:|1682906269\n|switch|p2b: Rotom|Rotom-Wash, L50|100\/100\n|-terastallize|p2a: Garchomp|Fire\n|move|p1a: Talonflame|Will-O-Wisp|p2b: Rotom\n|-status|p2b: Rotom|brn\n|move|p2a: Garchomp|Rock Slide|p1a: Talonflame|[spread] p1a,p1b\n|-supereffective|p1a: Talonflame\n|-supereffective|p1b: Glalie\n|-damage|p1a: Talonflame|0 fnt\n|-damage|p1b: Glalie|41\/100\n|faint|p1a: Talonflame\n|cant|p1b: Glalie|flinch\n|\n|-damage|p2b: Rotom|95\/100 brn|[from] brn\n|-ability|p1b: Glalie|Moody|boost\n|-boost|p1b: Glalie|spe|2\n|-unboost|p1b: Glalie|spd|1\n|upkeep\n|\n|t:|1682906288\n|switch|p1a: Dragonite|Dragonite, L50, M|100\/100\n|turn|3\n|\n|t:|1682906305\n|move|p1b: Glalie|Earthquake|p2a: Garchomp|[spread] p2a\n|-immune|p1a: Dragonite\n|-immune|p2b: Rotom|[from] ability: Levitate\n|-supereffective|p2a: Garchomp\n|-damage|p2a: Garchomp|64\/100\n|move|p2a: Garchomp|Rock Slide|p1b: Glalie|[spread] p1b\n|-miss|p2a: Garchomp|p1a: Dragonite\n|-supereffective|p1b: Glalie\n|-damage|p1b: Glalie|0 fnt\n|faint|p1b: Glalie\n|move|p1a: Dragonite|Earthquake|p2a: Garchomp|[spread] p2a\n|-immune|p2b: Rotom|[from] ability: Levitate\n|-supereffective|p2a: Garchomp\n|-damage|p2a: Garchomp|0 fnt\n|faint|p2a: Garchomp\n|move|p2b: Rotom|Will-O-Wisp|p1a: Dragonite\n|-status|p1a: Dragonite|brn\n|\n|-damage|p1a: Dragonite|94\/100 brn|[from] brn\n|-damage|p2b: Rotom|89\/100 brn|[from] brn\n|upkeep\n|\n|t:|1682906333\n|switch|p2a: Tauros|Tauros-Paldea-Blaze, L50, M|100\/100\n|-ability|p2a: Tauros|Intimidate|boost\n|-unboost|p1a: Dragonite|atk|1\n|turn|4\n|\n|t:|1682906351\n|move|p1a: Dragonite|Earthquake|p2a: Tauros|[spread] p2a\n|-immune|p2b: Rotom|[from] ability: Levitate\n|-supereffective|p2a: Tauros\n|-damage|p2a: Tauros|67\/100\n|move|p2a: Tauros|Stone Edge|p1a: Dragonite\n|-supereffective|p1a: Dragonite\n|-damage|p1a: Dragonite|37\/100 brn\n|move|p2b: Rotom|Volt Switch|p1a: Dragonite\n|-crit|p1a: Dragonite\n|-damage|p1a: Dragonite|0 fnt\n|faint|p1a: Dragonite\n|\n|win|Alphonse_gg\n|c|\u2606Alphonse_gg|gg\n|c|\u2606Alphonse_gg|joscake\n|c|\u2606joscake|gg mi rey\n|l|\u2606joscake\n|l| ScalonetaPibe\n|j| ScalonetaPibe\n","uploadtime":1682906421,"views":18,"p1id":"joscake","p2id":"alphonsegg","formatid":"gen9vgc2023regulationc","rating":0,"private":0,"password":""}