{"id":"gen9vgc2023regulationc-1854959125","p1":"La Junta","p2":"Plopy14","format":"[Gen 9] VGC 2023 Regulation C","log":"|j|\u2606La Junta\n|j|\u2606Plopy14\n|t:|1682885078\n|gametype|doubles\n|player|p1|La Junta|brassius|\n|player|p2|Plopy14|blaine|\n|teamsize|p1|6\n|teamsize|p2|6\n|gen|9\n|tier|[Gen 9] VGC 2023 Regulation C\n|rated|Tournament battle\n|rule|Species Clause: Limit one of each Pok\u00e9mon\n|rule|Item Clause: Limit one of each item\n|clearpoke\n|poke|p1|Garchomp, L50, F|\n|poke|p1|Maushold, L50|\n|poke|p1|Talonflame, L50, M|\n|poke|p1|Flutter Mane, L50|\n|poke|p1|Orthworm, L50, M|\n|poke|p1|Chien-Pao, L50|\n|poke|p2|Talonflame, L50, F|\n|poke|p2|Garchomp, L50, F|\n|poke|p2|Flutter Mane, L50|\n|poke|p2|Iron Bundle, L50|\n|poke|p2|Amoonguss, L50, M|\n|poke|p2|Kingambit, L50, F|\n|teampreview|4\n|raw| Open Team Sheet for La Junta<\/summary>Garchomp @ Clear Amulet Ability: Rough Skin Level: 50 Tera Type: Steel - Earthquake - Iron Head - Swords Dance - Protect Maushold @ Safety Goggles Ability: Friend Guard Level: 50 Tera Type: Ghost - Follow Me - Taunt - Super Fang - Protect Talonflame @ Covert Cloak Ability: Gale Wings Level: 50 Tera Type: Grass - Brave Bird - Quick Guard - Tailwind - Will-O-Wisp Flutter Mane @ Choice Specs Ability: Protosynthesis Level: 50 Tera Type: Fairy - Moonblast - Dazzling Gleam - Thunderbolt - Shadow Ball Orthworm @ Sitrus Berry Ability: Earth Eater Level: 50 Tera Type: Fire - Heavy Slam - Body Press - Shed Tail - Iron Defense Chien-Pao @ Focus Sash Ability: Sword of Ruin Level: 50 Tera Type: Flying - Ice Spinner - Throat Chop - Haze - Protect <\/details><\/div> Open Team Sheet for Plopy14<\/summary>Talonflame (F) @ Safety Goggles Ability: Gale Wings Level: 50 Shiny: Yes Tera Type: Ghost - Brave Bird - Will-O-Wisp - Taunt - Tailwind Garchomp (F) @ Life Orb Ability: Rough Skin Level: 50 Tera Type: Fire - Dragon Claw - Stomping Tantrum - Earthquake - Protect Flutter Mane @ Choice Specs Ability: Protosynthesis Level: 50 Tera Type: Fairy - Moonblast - Dazzling Gleam - Shadow Ball - Thunderbolt Iron Bundle @ Booster Energy Ability: Quark Drive Level: 50 Tera Type: Ghost - Freeze-Dry - Icy Wind - Hydro Pump - Protect Amoonguss (M) @ Sitrus Berry Ability: Regenerator Level: 50 Tera Type: Water - Pollen Puff - Rage Powder - Spore - Protect Kingambit (F) @ Assault Vest Ability: Defiant Level: 50 Shiny: Yes Tera Type: Flying - Iron Head - Sucker Punch - Assurance - Tera Blast <\/details><\/div>\n|j| Mogomomo\n|j| Eldegoss32\n|j| Radio Free C-Side\n|j| RyoliTheSplatooner\n|j| spectacled eider\n|j| child Pikachu\n|j| wildfire2\n|l| wildfire2\n|\n|t:|1682885150\n|start\n|switch|p1a: Orthworm|Orthworm, L50, M|100\/100\n|switch|p1b: Maushold|Maushold, L50|100\/100\n|switch|p2a: Talonflame|Talonflame, L50, F, shiny|100\/100\n|switch|p2b: Flutter Mane|Flutter Mane, L50|100\/100\n|turn|1\n|\n|t:|1682885193\n|-terastallize|p2b: Flutter Mane|Fairy\n|move|p1b: Maushold|Follow Me|p1b: Maushold\n|-singleturn|p1b: Maushold|move: Follow Me\n|move|p2a: Talonflame|Tailwind|p2a: Talonflame\n|-sidestart|p2: Plopy14|move: Tailwind\n|move|p2b: Flutter Mane|Moonblast|p1b: Maushold\n|-damage|p1b: Maushold|0 fnt\n|faint|p1b: Maushold\n|move|p1a: Orthworm|Heavy Slam|p2b: Flutter Mane\n|-supereffective|p2b: Flutter Mane\n|-damage|p2b: Flutter Mane|0 fnt\n|faint|p2b: Flutter Mane\n|-end|p2b: Flutter Mane|Protosynthesis|[silent]\n|\n|upkeep\n|\n|t:|1682885205\n|switch|p2b: Kingambit|Kingambit, L50, F, shiny|100\/100\n|switch|p1b: Garchomp|Garchomp, L50, F|100\/100\n|turn|2\n|\n|t:|1682885230\n|move|p2a: Talonflame|Will-O-Wisp|p1a: Orthworm\n|-status|p1a: Orthworm|brn\n|move|p1b: Garchomp|Swords Dance|p1b: Garchomp\n|-boost|p1b: Garchomp|atk|2\n|move|p2b: Kingambit|Iron Head|p1b: Garchomp\n|-damage|p1b: Garchomp|56\/100\n|-damage|p2b: Kingambit|88\/100|[from] ability: Rough Skin|[of] p1b: Garchomp\n|move|p1a: Orthworm|Body Press|p2b: Kingambit\n|-supereffective|p2b: Kingambit\n|-damage|p2b: Kingambit|44\/100\n|\n|-damage|p1a: Orthworm|94\/100 brn|[from] brn\n|upkeep\n|turn|3\n|\n|t:|1682885253\n|move|p1b: Garchomp|Protect|p1b: Garchomp\n|-singleturn|p1b: Garchomp|Protect\n|move|p2b: Kingambit|Sucker Punch||[still]\n|-fail|p2b: Kingambit\n|move|p2a: Talonflame|Taunt|p1a: Orthworm\n|-start|p1a: Orthworm|move: Taunt\n|cant|p1a: Orthworm|move: Taunt|Shed Tail\n|\n|-damage|p1a: Orthworm|88\/100 brn|[from] brn\n|upkeep\n|turn|4\n|\n|t:|1682885266\n|move|p2a: Talonflame|Brave Bird|p1b: Garchomp\n|-damage|p1b: Garchomp|9\/100\n|-damage|p2a: Talonflame|88\/100|[from] ability: Rough Skin|[of] p1b: Garchomp\n|-damage|p2a: Talonflame|70\/100|[from] Recoil\n|move|p2b: Kingambit|Sucker Punch|p1b: Garchomp\n|-damage|p1b: Garchomp|0 fnt\n|-damage|p2b: Kingambit|32\/100|[from] ability: Rough Skin|[of] p1b: Garchomp\n|faint|p1b: Garchomp\n|move|p1a: Orthworm|Body Press|p2b: Kingambit\n|-supereffective|p2b: Kingambit\n|-damage|p2b: Kingambit|0 fnt\n|faint|p2b: Kingambit\n|\n|-damage|p1a: Orthworm|82\/100 brn|[from] brn\n|-sideend|p2: Plopy14|move: Tailwind\n|upkeep\n|\n|t:|1682885275\n|switch|p1b: Flutter Mane|Flutter Mane, L50|100\/100\n|switch|p2b: Garchomp|Garchomp, L50, F|100\/100\n|turn|5\n|\n|t:|1682885320\n|-terastallize|p1b: Flutter Mane|Fairy\n|move|p2b: Garchomp|Protect|p2b: Garchomp\n|-singleturn|p2b: Garchomp|Protect\n|move|p2a: Talonflame|Brave Bird|p1b: Flutter Mane\n|-damage|p1b: Flutter Mane|17\/100\n|-damage|p2a: Talonflame|47\/100|[from] Recoil\n|move|p1b: Flutter Mane|Shadow Ball|p2a: Talonflame\n|-damage|p2a: Talonflame|0 fnt\n|faint|p2a: Talonflame\n|move|p1a: Orthworm|Heavy Slam|p2b: Garchomp\n|-activate|p2b: Garchomp|move: Protect\n|\n|-damage|p1a: Orthworm|75\/100 brn|[from] brn\n|-end|p1a: Orthworm|move: Taunt\n|upkeep\n|turn|6\n|j| ale cog\n|-message|Plopy14 forfeited.\n|\n|win|La Junta\n|n|\u2606La Junta|lajunta\n|n|\u2606Plopy14|plopy14\n|n| Mogomomo|mogomomo\n|n| Eldegoss32|eldegoss32\n|n| Radio Free C-Side|radiofreecside\n|n| RyoliTheSplatooner|ryolithesplatooner\n|n| spectacled eider|spectacledeider\n|n| child Pikachu|childpikachu\n|n| ale cog|alecog\n","uploadtime":1682885333,"views":6,"p1id":"lajunta","p2id":"plopy14","formatid":"gen9vgc2023regulationc","rating":0,"private":0,"password":""}