{"id":"gen9vgc2023regulationc-1848207248","p1":"Testdummy82","p2":"SkeletonKing1","format":"[Gen 9] VGC 2023 Regulation C","log":"|j|\u2606Testdummy82\n|j|\u2606SkeletonKing1\n|t:|1682042508\n|gametype|doubles\n|player|p1|Testdummy82|169|\n|player|p2|SkeletonKing1|265|\n|teamsize|p1|6\n|teamsize|p2|6\n|gen|9\n|tier|[Gen 9] VGC 2023 Regulation C\n|rule|Species Clause: Limit one of each Pok\u00e9mon\n|rule|Item Clause: Limit one of each item\n|clearpoke\n|poke|p1|Maushold-Four, L50|\n|poke|p1|Meowscarada, L50, F|\n|poke|p1|Murkrow, L50, F|\n|poke|p1|Kingambit, L50, M|\n|poke|p1|Iron Bundle, L50|\n|poke|p1|Annihilape, L50, F|\n|poke|p2|Pincurchin, L50, M|\n|poke|p2|Kilowattrel, L50, F|\n|poke|p2|Luxray, L50, F|\n|poke|p2|Rotom-Wash, L50|\n|poke|p2|Jolteon, L50, F|\n|poke|p2|Iron Thorns, L50|\n|teampreview|4\n|\n|t:|1682042596\n|start\n|switch|p1a: Maushold|Maushold-Four, L50|100\/100\n|switch|p1b: Meowscarada|Meowscarada, L50, F|100\/100\n|switch|p2a: Pincurchin|Pincurchin, L50, M|100\/100\n|switch|p2b: Iron Thorns|Iron Thorns, L50|100\/100\n|-fieldstart|move: Electric Terrain|[from] ability: Electric Surge|[of] p2a: Pincurchin\n|-activate|p2b: Iron Thorns|ability: Quark Drive\n|-start|p2b: Iron Thorns|quarkdriveatk\n|turn|1\n|\n|t:|1682042632\n|-terastallize|p2b: Iron Thorns|Electric\n|move|p1b: Meowscarada|Flower Trick|p2b: Iron Thorns\n|-crit|p2b: Iron Thorns\n|-damage|p2b: Iron Thorns|64\/100\n|move|p1a: Maushold|Population Bomb|p2a: Pincurchin\n|-damage|p2a: Pincurchin|88\/100\n|-damage|p2a: Pincurchin|74\/100\n|-crit|p2a: Pincurchin\n|-damage|p2a: Pincurchin|53\/100\n|-damage|p2a: Pincurchin|37\/100\n|-crit|p2a: Pincurchin\n|-damage|p2a: Pincurchin|16\/100\n|-damage|p2a: Pincurchin|4\/100\n|-crit|p2a: Pincurchin\n|-damage|p2a: Pincurchin|0 fnt\n|faint|p2a: Pincurchin\n|-hitcount|p2: Pincurchin|7\n|move|p2b: Iron Thorns|Rock Blast|p1b: Meowscarada\n|-damage|p1b: Meowscarada|72\/100\n|-damage|p1b: Meowscarada|44\/100\n|-damage|p1b: Meowscarada|16\/100\n|-damage|p1b: Meowscarada|0 fnt\n|faint|p1b: Meowscarada\n|-hitcount|p1: Meowscarada|4\n|\n|upkeep\n|\n|t:|1682042665\n|switch|p1b: Annihilape|Annihilape, L50, F|100\/100\n|switch|p2a: Kilowattrel|Kilowattrel, L50, F|100\/100\n|turn|2\n|\n|t:|1682042692\n|-terastallize|p1b: Annihilape|Normal\n|move|p2a: Kilowattrel|Thunderbolt|p1a: Maushold\n|-crit|p1a: Maushold\n|-damage|p1a: Maushold|8\/100\n|move|p1a: Maushold|Population Bomb|p2b: Iron Thorns\n|-damage|p2b: Iron Thorns|55\/100\n|-damage|p2b: Iron Thorns|45\/100\n|-damage|p2b: Iron Thorns|37\/100\n|-damage|p2b: Iron Thorns|29\/100\n|-damage|p2b: Iron Thorns|20\/100\n|-damage|p2b: Iron Thorns|11\/100\n|-damage|p2b: Iron Thorns|2\/100\n|-damage|p2b: Iron Thorns|0 fnt\n|faint|p2b: Iron Thorns\n|-end|p2b: Iron Thorns|Quark Drive|[silent]\n|-hitcount|p2: Iron Thorns|8\n|move|p1b: Annihilape|Thrash|p2a: Kilowattrel\n|-enditem|p2a: Kilowattrel|Focus Sash\n|-damage|p2a: Kilowattrel|1\/100\n|\n|upkeep\n|\n|t:|1682042713\n|switch|p2b: Rotom|Rotom-Wash, L50|100\/100\n|turn|3\n|\n|t:|1682042734\n|move|p2b: Rotom|Protect|p2b: Rotom\n|-singleturn|p2b: Rotom|Protect\n|move|p2a: Kilowattrel|Thunderbolt|p1b: Annihilape\n|-damage|p1b: Annihilape|71\/100\n|move|p1a: Maushold|Population Bomb|p2b: Rotom\n|-activate|p2b: Rotom|move: Protect\n|move|p1b: Annihilape|Thrash|p2a: Kilowattrel|[from]lockedmove\n|-damage|p2a: Kilowattrel|0 fnt\n|faint|p2a: Kilowattrel\n|-start|p1b: Annihilape|confusion|[fatigue]\n|\n|upkeep\n|turn|4\n|\n|t:|1682042758\n|move|p1a: Maushold|Population Bomb|p2b: Rotom\n|-damage|p2b: Rotom|85\/100\n|-crit|p2b: Rotom\n|-damage|p2b: Rotom|63\/100\n|-damage|p2b: Rotom|48\/100\n|-damage|p2b: Rotom|33\/100\n|-damage|p2b: Rotom|18\/100\n|-damage|p2b: Rotom|1\/100\n|-damage|p2b: Rotom|0 fnt\n|faint|p2b: Rotom\n|-hitcount|p2: Rotom|7\n|\n|win|Testdummy82\n","uploadtime":1682042821,"views":13,"p1id":"testdummy82","p2id":"skeletonking1","formatid":"gen9vgc2023regulationc","rating":0,"private":0,"password":""}