{"id":"gen9vgc2023regulationc-1854761301","p1":"Garganacl_HATER","p2":"Tobias Twelve","format":"[Gen 9] VGC 2023 Regulation C","log":"|j|\u2606Garganacl_HATER\n|j|\u2606Tobias Twelve\n|t:|1682862660\n|gametype|doubles\n|player|p1|Garganacl_HATER|brycenman|1141\n|player|p2|Tobias Twelve|benga|1152\n|teamsize|p1|6\n|teamsize|p2|6\n|gen|9\n|tier|[Gen 9] VGC 2023 Regulation C\n|rated|\n|rule|Species Clause: Limit one of each Pok\u00e9mon\n|rule|Item Clause: Limit one of each item\n|clearpoke\n|poke|p1|Tinkaton, L50, F|\n|poke|p1|Iron Hands, L50|\n|poke|p1|Gholdengo, L50|\n|poke|p1|Iron Bundle, L50|\n|poke|p1|Roaring Moon, L50|\n|poke|p1|Chi-Yu, L50|\n|poke|p2|Amoonguss, L50, F|\n|poke|p2|Chien-Pao, L50|\n|poke|p2|Palafin, L50, M|\n|poke|p2|Flutter Mane, L50|\n|poke|p2|Garchomp, L50, M|\n|poke|p2|Talonflame, L50, F|\n|teampreview|4\n|c|\u2606Garganacl_HATER|GLHF\nGarganacl_HATER rejected open team sheets.\n|c|\u2606Tobias Twelve|glhf\n|\n|t:|1682862700\n|start\n|switch|p1a: TinkaGOAT|Tinkaton, L50, F, shiny|100\/100\n|switch|p1b: Indiana Gold|Gholdengo, L50|100\/100\n|switch|p2a: Garchomp|Garchomp, L50, M|100\/100\n|switch|p2b: Talonflame|Talonflame, L50, F|100\/100\n|-ability|p1a: TinkaGOAT|Mold Breaker\n|turn|1\n|inactive|Battle timer is ON: inactive players will automatically lose when time's up. (requested by Tobias Twelve)\n|\n|t:|1682862726\n|-terastallize|p2a: Garchomp|Steel\n|move|p1a: TinkaGOAT|Fake Out|p2a: Garchomp\n|-resisted|p2a: Garchomp\n|-damage|p2a: Garchomp|97\/100\n|-damage|p1a: TinkaGOAT|88\/100|[from] ability: Rough Skin|[of] p2a: Garchomp\n|move|p2b: Talonflame|Will-O-Wisp|p1a: TinkaGOAT\n|-status|p1a: TinkaGOAT|brn\n|cant|p2a: Garchomp|flinch\n|move|p1b: Indiana Gold|Nasty Plot|p1b: Indiana Gold\n|-boost|p1b: Indiana Gold|spa|2\n|\n|-damage|p1a: TinkaGOAT|82\/100 brn|[from] brn\n|upkeep\n|turn|2\n|\n|t:|1682862738\n|-terastallize|p1b: Indiana Gold|Flying\n|move|p1a: TinkaGOAT|Helping Hand|p1b: Indiana Gold\n|-singleturn|p1b: Indiana Gold|Helping Hand|[of] p1a: TinkaGOAT\n|move|p2b: Talonflame|Tailwind|p2b: Talonflame\n|-sidestart|p2: Tobias Twelve|move: Tailwind\n|move|p2a: Garchomp|Earthquake|p1a: TinkaGOAT|[spread] p1a\n|-immune|p2b: Talonflame\n|-immune|p1b: Indiana Gold\n|-supereffective|p1a: TinkaGOAT\n|-damage|p1a: TinkaGOAT|13\/100 brn\n|-enditem|p1a: TinkaGOAT|Sitrus Berry|[eat]\n|-heal|p1a: TinkaGOAT|38\/100 brn|[from] item: Sitrus Berry\n|move|p1b: Indiana Gold|Make It Rain|p2a: Garchomp|[spread] p2a,p2b\n|-resisted|p2a: Garchomp\n|-resisted|p2b: Talonflame\n|-damage|p2a: Garchomp|0 fnt\n|-damage|p2b: Talonflame|0 fnt\n|-unboost|p1b: Indiana Gold|spa|1\n|faint|p2a: Garchomp\n|faint|p2b: Talonflame\n|-damage|p1b: Indiana Gold|91\/100|[from] item: Life Orb\n|\n|-damage|p1a: TinkaGOAT|32\/100 brn|[from] brn\n|upkeep\n|\n|t:|1682862747\n|switch|p2b: Palafin|Palafin, L50, M|100\/100\n|switch|p2a: Flutter Mane|Flutter Mane, L50|100\/100\n|turn|3\n|\n|t:|1682862767\n|move|p1a: TinkaGOAT|Helping Hand|p1b: Indiana Gold\n|-singleturn|p1b: Indiana Gold|Helping Hand|[of] p1a: TinkaGOAT\n|move|p2a: Flutter Mane|Shadow Ball|p1b: Indiana Gold\n|-damage|p1b: Indiana Gold|20\/100\n|move|p2b: Palafin|Close Combat|p1a: TinkaGOAT\n|-damage|p1a: TinkaGOAT|0 fnt\n|-unboost|p2b: Palafin|def|1\n|-unboost|p2b: Palafin|spd|1\n|faint|p1a: TinkaGOAT\n|move|p1b: Indiana Gold|Make It Rain|p2a: Flutter Mane|[spread] p2a,p2b\n|-supereffective|p2a: Flutter Mane\n|-resisted|p2b: Palafin\n|-damage|p2a: Flutter Mane|0 fnt\n|-damage|p2b: Palafin|0 fnt\n|-unboost|p1b: Indiana Gold|spa|1\n|faint|p2a: Flutter Mane\n|-end|p2a: Flutter Mane|Protosynthesis|[silent]\n|faint|p2b: Palafin\n|-damage|p1b: Indiana Gold|10\/100|[from] item: Life Orb\n|\n|win|Garganacl_HATER\n|raw|Garganacl_HATER's rating: 1141 → 1167<\/strong> (+26 for winning)\n|raw|Tobias Twelve's rating: 1152 → 1126<\/strong> (-26 for losing)\n|l|\u2606Tobias Twelve\n","uploadtime":1682862806,"views":14,"p1id":"garganaclhater","p2id":"tobiastwelve","formatid":"gen9vgc2023regulationc","rating":1126,"private":0,"password":""}