{"id":"gen9vgc2023regulationc-1849701364","p1":"mukining","p2":"haha u rage quit","format":"[Gen 9] VGC 2023 Regulation C","log":"|j|\u2606mukining\n|j|\u2606haha u rage quit\n|t:|1682235266\n|gametype|doubles\n|player|p1|mukining|waiter|1224\n|player|p2|haha u rage quit|pokemaniac|1249\n|teamsize|p1|6\n|teamsize|p2|6\n|gen|9\n|tier|[Gen 9] VGC 2023 Regulation C\n|rated|\n|rule|Species Clause: Limit one of each Pok\u00e9mon\n|rule|Item Clause: Limit one of each item\n|clearpoke\n|poke|p1|Gholdengo, L50|\n|poke|p1|Maushold-Four, L50|\n|poke|p1|Hydreigon, L50, M|\n|poke|p1|Ceruledge, L50, F|\n|poke|p1|Flutter Mane, L50|\n|poke|p1|Cetitan, L50, F|\n|poke|p2|Ting-Lu, L50|\n|poke|p2|Arcanine, L50, M|\n|poke|p2|Amoonguss, L50, M|\n|poke|p2|Palafin, L50, M|\n|poke|p2|Flutter Mane, L50|\n|poke|p2|Chi-Yu, L50|\n|teampreview|4\n|c|\u2606mukining|glhf\nmukining has agreed to open team sheets.\n|\n|t:|1682235298\n|start\n|switch|p1a: Cetitan|Cetitan, L50, F|100\/100\n|switch|p1b: Maushold|Maushold-Four, L50|100\/100\n|switch|p2a: Flutter Mane|Flutter Mane, L50, shiny|100\/100\n|switch|p2b: Chi-Yu|Chi-Yu, L50|100\/100\n|-ability|p2b: Chi-Yu|Beads of Ruin\n|-enditem|p2a: Flutter Mane|Booster Energy\n|-activate|p2a: Flutter Mane|ability: Protosynthesis|[fromitem]\n|-start|p2a: Flutter Mane|protosynthesisspa\n|turn|1\n|\n|t:|1682235325\n|move|p1b: Maushold|Follow Me|p1b: Maushold\n|-singleturn|p1b: Maushold|move: Follow Me\n|move|p2a: Flutter Mane|Dazzling Gleam|p1b: Maushold|[spread] p1a,p1b\n|-damage|p1a: Cetitan|46\/100\n|-damage|p1b: Maushold|31\/100\n|-enditem|p1a: Cetitan|Sitrus Berry|[eat]\n|-heal|p1a: Cetitan|71\/100|[from] item: Sitrus Berry\n|move|p2b: Chi-Yu|Heat Wave|p1b: Maushold|[spread] p1a\n|-miss|p2b: Chi-Yu|p1b: Maushold\n|-supereffective|p1a: Cetitan\n|-damage|p1a: Cetitan|27\/100\n|move|p1a: Cetitan|Belly Drum||[still]\n|-fail|p1a: Cetitan\n|\n|upkeep\n|turn|2\n|c|\u2606mukining|gg\n|inactive|Battle timer is ON: inactive players will automatically lose when time's up. (requested by haha u rage quit)\n|-message|mukining forfeited.\n|\n|win|haha u rage quit\n|raw|mukining's rating: 1224 → 1201<\/strong> (-23 for losing)\n|raw|haha u rage quit's rating: 1249 → 1272<\/strong> (+23 for winning)\n|l|\u2606mukining\n","uploadtime":1682235358,"views":13,"p1id":"mukining","p2id":"hahauragequit","formatid":"gen9vgc2023regulationc","rating":1201,"private":0,"password":""}