{"id":"gen9vgc2023regulationc-1856087005","p1":"mopan","p2":"nuktuk","format":"[Gen 9] VGC 2023 Regulation C","log":"|j|\u2606mopan\n|j|\u2606nuktuk\n|t:|1683028506\n|gametype|doubles\n|player|p1|mopan|boarder|1118\n|player|p2|nuktuk|cheren|1084\n|teamsize|p1|6\n|teamsize|p2|6\n|gen|9\n|tier|[Gen 9] VGC 2023 Regulation C\n|rated|\n|rule|Species Clause: Limit one of each Pok\u00e9mon\n|rule|Item Clause: Limit one of each item\n|clearpoke\n|poke|p1|Electrode, L50|\n|poke|p1|Armarouge, L50, M|\n|poke|p1|Indeedee-F, L50, F|\n|poke|p1|Gallade, L50, M|\n|poke|p1|Sylveon, L50, M|\n|poke|p1|Gothitelle, L50, M|\n|poke|p2|Wo-Chien, L50|\n|poke|p2|Glimmora, L50, M|\n|poke|p2|Annihilape, L50, M|\n|poke|p2|Maushold-Four, L50|\n|poke|p2|Talonflame, L50, F|\n|poke|p2|Garchomp, L50, M|\n|teampreview|4\n|\n|t:|1683028561\n|start\n|switch|p1a: Blademan|Gallade, L50, M|100\/100\n|switch|p1b: Croissant Woman|Indeedee-F, L50, F|100\/100\n|switch|p2a: Glimmora|Glimmora, L50, M|100\/100\n|switch|p2b: Garchomp|Garchomp, L50, M|100\/100\n|-fieldstart|move: Psychic Terrain|[from] ability: Psychic Surge|[of] p1b: Croissant Woman\n|turn|1\n|\n|t:|1683028577\n|-terastallize|p2a: Glimmora|Flying\n|move|p1b: Croissant Woman|Helping Hand|p1a: Blademan\n|-singleturn|p1a: Blademan|Helping Hand|[of] p1b: Croissant Woman\n|move|p2b: Garchomp|Earthquake|p1a: Blademan|[spread] p1a,p1b\n|-immune|p2a: Glimmora\n|-damage|p1a: Blademan|13\/100\n|-damage|p1b: Croissant Woman|46\/100\n|-damage|p2b: Garchomp|91\/100|[from] item: Life Orb\n|move|p1a: Blademan|Sacred Sword|p2a: Glimmora\n|-resisted|p2a: Glimmora\n|-damage|p2a: Glimmora|40\/100\n|move|p2a: Glimmora|Mortal Spin|p1b: Croissant Woman|[spread] p1a,p1b\n|-damage|p1a: Blademan|5\/100\n|-damage|p1b: Croissant Woman|41\/100\n|-status|p1a: Blademan|psn\n|-status|p1b: Croissant Woman|psn\n|\n|-damage|p1a: Blademan|0 fnt|[from] psn\n|faint|p1a: Blademan\n|-damage|p1b: Croissant Woman|28\/100 psn|[from] psn\n|upkeep\n|\n|t:|1683028622\n|switch|p1a: Cannon Man|Armarouge, L50, M|100\/100\n|turn|2\n|\n|t:|1683028664\n|-terastallize|p1a: Cannon Man|Fighting\n|move|p1b: Croissant Woman|Helping Hand|p1a: Cannon Man\n|-singleturn|p1a: Cannon Man|Helping Hand|[of] p1b: Croissant Woman\n|move|p2b: Garchomp|Earthquake|p1a: Cannon Man|[spread] p1a,p1b\n|-immune|p2a: Glimmora\n|-damage|p1a: Cannon Man|37\/100\n|-damage|p1b: Croissant Woman|0 fnt\n|-ability|p1a: Cannon Man|Weak Armor|boost\n|-unboost|p1a: Cannon Man|def|1\n|-boost|p1a: Cannon Man|spe|2\n|faint|p1b: Croissant Woman\n|-damage|p2b: Garchomp|81\/100|[from] item: Life Orb\n|move|p1a: Cannon Man|Expanding Force|p2a: Glimmora|[spread] p2a,p2b\n|-damage|p2a: Glimmora|0 fnt\n|-damage|p2b: Garchomp|0 fnt\n|faint|p2a: Glimmora\n|faint|p2b: Garchomp\n|\n|upkeep\n|\n|t:|1683028684\n|switch|p2b: Annihilape|Annihilape, L50, M|100\/100\n|switch|p2a: Talonflame|Talonflame, L50, F|100\/100\n|switch|p1b: Ribbonman|Sylveon, L50, M|100\/100\n|turn|3\n|\n|t:|1683028705\n|move|p2a: Talonflame|Tailwind|p2a: Talonflame\n|-sidestart|p2: nuktuk|move: Tailwind\n|move|p1b: Ribbonman|Quick Attack|p1a: Cannon Man\n|-supereffective|p1a: Cannon Man\n|-damage|p1a: Cannon Man|6\/100\n|-ability|p1a: Cannon Man|Weak Armor|boost\n|-unboost|p1a: Cannon Man|def|1\n|-boost|p1a: Cannon Man|spe|2\n|-enditem|p1a: Cannon Man|Weakness Policy\n|-boost|p1a: Cannon Man|atk|2|[from] item: Weakness Policy\n|-boost|p1a: Cannon Man|spa|2|[from] item: Weakness Policy\n|move|p1a: Cannon Man|Expanding Force|p2b: Annihilape|[spread] p2a,p2b\n|-supereffective|p2b: Annihilape\n|-damage|p2a: Talonflame|0 fnt\n|-damage|p2b: Annihilape|0 fnt\n|faint|p2a: Talonflame\n|faint|p2b: Annihilape\n|\n|win|mopan\n|raw|mopan's rating: 1118 → 1141<\/strong> (+23 for winning)\n|raw|nuktuk's rating: 1084 → 1064<\/strong> (-20 for losing)\n|c|\u2606nuktuk|can you self priority attack on psychic terrain?\n|c|\u2606nuktuk|gg\n|c|\u2606mopan|yes apparently!\n","uploadtime":1683028820,"views":8,"p1id":"mopan","p2id":"nuktuk","formatid":"gen9vgc2023regulationc","rating":1064,"private":0,"password":""}