{"id":"gen9vgc2023regulationc-1848628866","p1":"Zay2596","p2":"fonzee3000","format":"[Gen 9] VGC 2023 Regulation C","log":"|j|\u2606Zay2596\n|j|\u2606fonzee3000\n|t:|1682095850\n|gametype|doubles\n|player|p1|Zay2596|1|1078\n|player|p2|fonzee3000|steven|1165\n|teamsize|p1|6\n|teamsize|p2|6\n|gen|9\n|tier|[Gen 9] VGC 2023 Regulation C\n|rated|\n|rule|Species Clause: Limit one of each Pok\u00e9mon\n|rule|Item Clause: Limit one of each item\n|clearpoke\n|poke|p1|Cacturne, L50, F|\n|poke|p1|Lumineon, L50, F|\n|poke|p1|Revavroom, L50, M|\n|poke|p1|Scream Tail, L50|\n|poke|p1|Eelektross, L50, M|\n|poke|p1|Iron Bundle, L50|\n|poke|p2|Farigiraf, L50, F|\n|poke|p2|Iron Hands, L50|\n|poke|p2|Garchomp, L50, M|\n|poke|p2|Talonflame, L50, F|\n|poke|p2|Flutter Mane, L50|\n|poke|p2|Amoonguss, L50, F|\n|teampreview|4\n|inactive|Battle timer is ON: inactive players will automatically lose when time's up. (requested by fonzee3000)\n|inactive|Zay2596 also wants the timer to be on.\n|inactive|Zay2596 no longer wants the timer on, but the timer is staying on because fonzee3000 still does.\nfonzee3000 has agreed to open team sheets.\n|inactive|Zay2596 has 60 seconds left.\n|inactive|fonzee3000 has 60 seconds left.\n|\n|t:|1682095905\n|start\n|switch|p1a: Scream Tail|Scream Tail, L50, shiny|100\/100\n|switch|p1b: Revavroom|Revavroom, L50, M|100\/100\n|switch|p2a: Farigiraf|Farigiraf, L50, F|100\/100\n|switch|p2b: Iron Hands|Iron Hands, L50|100\/100\n|turn|1\n|inactive|Zay2596 has 30 seconds left.\n|\n|t:|1682095938\n|move|p2b: Iron Hands|Fake Out|p1a: Scream Tail\n|-damage|p1a: Scream Tail|87\/100\n|cant|p1a: Scream Tail|flinch\n|move|p1b: Revavroom|Shift Gear|p1b: Revavroom\n|-boost|p1b: Revavroom|spe|2\n|-boost|p1b: Revavroom|atk|1\n|move|p2a: Farigiraf|Trick Room|p2a: Farigiraf\n|-fieldstart|move: Trick Room|[of] p2a: Farigiraf\n|\n|upkeep\n|turn|2\n|\n|t:|1682095958\n|move|p2b: Iron Hands|Heavy Slam|p1a: Scream Tail\n|-supereffective|p1a: Scream Tail\n|-damage|p1a: Scream Tail|3\/100\n|move|p2a: Farigiraf|Psychic|p1b: Revavroom\n|-damage|p1b: Revavroom|42\/100\n|move|p1a: Scream Tail|Reflect|p1a: Scream Tail\n|-sidestart|p1: Zay2596|Reflect\n|move|p1b: Revavroom|Poison Jab|p2b: Iron Hands\n|-damage|p2b: Iron Hands|55\/100\n|-status|p2b: Iron Hands|psn\n|\n|-damage|p2b: Iron Hands|43\/100 psn|[from] psn\n|upkeep\n|turn|3\n|\n|t:|1682095980\n|-end|p1a: Scream Tail|Protosynthesis|[silent]\n|switch|p1a: Iron Bundle|Iron Bundle, L50, shiny|100\/100\n|switch|p1b: Cactius|Cacturne, L50, F, shiny|100\/100\n|move|p2b: Iron Hands|Drain Punch|p1b: Cactius\n|-supereffective|p1b: Cactius\n|-damage|p1b: Cactius|15\/100\n|-heal|p2b: Iron Hands|72\/100 psn|[from] drain|[of] p1b: Cactius\n|move|p2a: Farigiraf|Hyper Voice|p1a: Iron Bundle|[spread] p1a,p1b\n|-damage|p1a: Iron Bundle|39\/100\n|-damage|p1b: Cactius|0 fnt\n|faint|p1b: Cactius\n|-enditem|p2a: Farigiraf|Throat Spray\n|-boost|p2a: Farigiraf|spa|1|[from] item: Throat Spray\n|\n|-damage|p2b: Iron Hands|60\/100 psn|[from] psn\n|upkeep\n|\n|t:|1682096002\n|switch|p1b: Revavroom|Revavroom, L50, M|42\/100\n|turn|4\n|\n|t:|1682096023\n|move|p2b: Iron Hands|Drain Punch|p1b: Revavroom\n|-damage|p1b: Revavroom|11\/100\n|-heal|p2b: Iron Hands|70\/100 psn|[from] drain|[of] p1b: Revavroom\n|move|p2a: Farigiraf|Hyper Voice|p1a: Iron Bundle|[spread] p1a,p1b\n|-resisted|p1b: Revavroom\n|-damage|p1a: Iron Bundle|0 fnt\n|-damage|p1b: Revavroom|0 fnt\n|faint|p1a: Iron Bundle\n|-end|p1a: Iron Bundle|Quark Drive|[silent]\n|faint|p1b: Revavroom\n|\n|-damage|p2b: Iron Hands|58\/100 psn|[from] psn\n|upkeep\n|-message|Zay2596 forfeited.\n|\n|win|fonzee3000\n|raw|Zay2596's rating: 1078 → 1062<\/strong> (-16 for losing)\n|raw|fonzee3000's rating: 1165 → 1184<\/strong> (+19 for winning)\n|l|\u2606Zay2596\n|c|\u2606fonzee3000|gg\n","uploadtime":1682096042,"views":9,"p1id":"zay2596","p2id":"fonzee3000","formatid":"gen9vgc2023regulationc","rating":1062,"private":0,"password":""}