{"id":"gen9vgc2023regulationc-1852026474","p1":"haha u rage quit","p2":"Joe870502","format":"[Gen 9] VGC 2023 Regulation C","log":"|j|\u2606haha u rage quit\n|j|\u2606Joe870502\n|t:|1682517920\n|gametype|doubles\n|player|p1|haha u rage quit|pokemaniac|1292\n|player|p2|Joe870502|dawn|1384\n|teamsize|p1|6\n|teamsize|p2|6\n|gen|9\n|tier|[Gen 9] VGC 2023 Regulation C\n|rated|\n|rule|Species Clause: Limit one of each Pok\u00e9mon\n|rule|Item Clause: Limit one of each item\n|clearpoke\n|poke|p1|Glimmora, L50, M|\n|poke|p1|Iron Bundle, L50|\n|poke|p1|Dondozo, L50, M|\n|poke|p1|Dragonite, L50, M|\n|poke|p1|Tatsugiri-Droopy, L50, M|\n|poke|p1|Chi-Yu, L50|\n|poke|p2|Chi-Yu, L50|\n|poke|p2|Dachsbun, L50, M|\n|poke|p2|Flutter Mane, L50|\n|poke|p2|Wo-Chien, L50|\n|poke|p2|Iron Bundle, L50|\n|poke|p2|Scizor, L50, M|\n|teampreview|4\n|\n|t:|1682517934\n|start\n|switch|p1a: Glimmora|Glimmora, L50, M, shiny|100\/100\n|switch|p1b: Chi-Yu|Chi-Yu, L50|100\/100\n|switch|p2a: Dachsbun|Dachsbun, L50, M|100\/100\n|switch|p2b: Chi-Yu|Chi-Yu, L50|100\/100\n|-ability|p2b: Chi-Yu|Beads of Ruin\n|-ability|p1b: Chi-Yu|Beads of Ruin\n|turn|1\n|inactive|Battle timer is ON: inactive players will automatically lose when time's up. (requested by haha u rage quit)\n|\n|t:|1682517944\n|move|p1b: Chi-Yu|Protect|p1b: Chi-Yu\n|-singleturn|p1b: Chi-Yu|Protect\n|move|p2b: Chi-Yu|Lava Plume|p1b: Chi-Yu|[spread] p1a\n|-activate|p1b: Chi-Yu|move: Protect\n|-ability|p2a: Dachsbun|Well-Baked Body|boost\n|-boost|p2a: Dachsbun|def|2\n|-resisted|p1a: Glimmora\n|-damage|p1a: Glimmora|89\/100\n|move|p2a: Dachsbun|Body Press|p1b: Chi-Yu\n|-activate|p1b: Chi-Yu|move: Protect\n|move|p1a: Glimmora|Sludge Bomb|p2a: Dachsbun\n|-supereffective|p2a: Dachsbun\n|-damage|p2a: Dachsbun|13\/100\n|\n|-heal|p2a: Dachsbun|19\/100|[from] item: Leftovers\n|upkeep\n|turn|2\n|inactive|haha u rage quit has 30 seconds left.\n|\n|t:|1682517972\n|-terastallize|p1b: Chi-Yu|Ghost\n|move|p2a: Dachsbun|Protect|p2a: Dachsbun\n|-singleturn|p2a: Dachsbun|Protect\n|move|p2b: Chi-Yu|Dark Pulse|p1a: Glimmora\n|-damage|p1a: Glimmora|58\/100\n|move|p1b: Chi-Yu|Heat Wave|p2a: Dachsbun|[spread] p2b\n|-activate|p2a: Dachsbun|move: Protect\n|-resisted|p2b: Chi-Yu\n|-crit|p2b: Chi-Yu\n|-damage|p2b: Chi-Yu|64\/100\n|move|p1a: Glimmora|Power Gem|p2b: Chi-Yu\n|-supereffective|p2b: Chi-Yu\n|-damage|p2b: Chi-Yu|0 fnt\n|faint|p2b: Chi-Yu\n|\n|-heal|p2a: Dachsbun|25\/100|[from] item: Leftovers\n|upkeep\n|-message|Joe870502 forfeited.\n|\n|win|haha u rage quit\n|raw|haha u rage quit's rating: 1292 → 1323<\/strong> (+31 for winning)\n|raw|Joe870502's rating: 1384 → 1359<\/strong> (-25 for losing)\n|l|\u2606Joe870502\n","uploadtime":1682518009,"views":14,"p1id":"hahauragequit","p2id":"joe870502","formatid":"gen9vgc2023regulationc","rating":1323,"private":0,"password":""}