{"id":"gen9vgc2023regulationc-1851377697","p1":"doedel1104","p2":"bitouve","format":"[Gen 9] VGC 2023 Regulation C","log":"|j|\u2606doedel1104\n|j|\u2606bitouve\n|t:|1682440257\n|gametype|doubles\n|player|p1|doedel1104|265|1100\n|player|p2|bitouve|101|1109\n|teamsize|p1|6\n|teamsize|p2|6\n|gen|9\n|tier|[Gen 9] VGC 2023 Regulation C\n|rated|\n|rule|Species Clause: Limit one of each Pok\u00e9mon\n|rule|Item Clause: Limit one of each item\n|clearpoke\n|poke|p1|Indeedee-F, L50, F|\n|poke|p1|Armarouge, L50, M|\n|poke|p1|Torkoal, L50, M|\n|poke|p1|Hatterene, L50, F|\n|poke|p1|Kingambit, L50, M|\n|poke|p1|Annihilape, L50, M|\n|poke|p2|Garchomp, L50, F|\n|poke|p2|Gengar, L50, M|\n|poke|p2|Iron Valiant, L50|\n|poke|p2|Meowscarada, L50, M|\n|poke|p2|Talonflame, L50, M|\n|poke|p2|Scizor, L50, M|\n|teampreview|4\n|inactive|Battle timer is ON: inactive players will automatically lose when time's up. (requested by doedel1104)\ndoedel1104 rejected open team sheets.\n|\n|t:|1682440279\n|start\n|switch|p1a: Indeedee|Indeedee-F, L50, F|100\/100\n|switch|p1b: Armarouge|Armarouge, L50, M|100\/100\n|switch|p2a: Scizor|Scizor, L50, M|100\/100\n|switch|p2b: Iron Valiant|Iron Valiant, L50|100\/100\n|-fieldstart|move: Psychic Terrain|[from] ability: Psychic Surge|[of] p1a: Indeedee\n|-enditem|p1a: Indeedee|Psychic Seed\n|-boost|p1a: Indeedee|spd|1|[from] item: Psychic Seed\n|-enditem|p2b: Iron Valiant|Booster Energy\n|-activate|p2b: Iron Valiant|ability: Quark Drive|[fromitem]\n|-start|p2b: Iron Valiant|quarkdriveatk\n|turn|1\n|inactive|bitouve has 30 seconds left.\n|inactive|bitouve has 20 seconds left.\n|\n|t:|1682440318\n|move|p2b: Iron Valiant|Drain Punch|p1a: Indeedee\n|-damage|p1a: Indeedee|49\/100\n|move|p2a: Scizor|U-turn|p1a: Indeedee\n|-supereffective|p1a: Indeedee\n|-damage|p1a: Indeedee|0 fnt\n|faint|p1a: Indeedee\n|\n|t:|1682440325\n|switch|p2a: Gengar|Gengar, L50, M|100\/100|[from] U-turn\n|move|p1b: Armarouge|Expanding Force|p2a: Gengar|[spread] p2a,p2b\n|-supereffective|p2a: Gengar\n|-supereffective|p2b: Iron Valiant\n|-damage|p2a: Gengar|0 fnt\n|-damage|p2b: Iron Valiant|0 fnt\n|-start|p1b: Armarouge|Disable|Expanding Force|[from] ability: Cursed Body|[of] p2a: Gengar\n|faint|p2a: Gengar\n|faint|p2b: Iron Valiant\n|-end|p2b: Iron Valiant|Quark Drive|[silent]\n|\n|upkeep\n|\n|t:|1682440338\n|switch|p2b: Scizor|Scizor, L50, M|100\/100\n|switch|p2a: Garchomp|Garchomp, L50, F|100\/100\n|switch|p1a: Annihilape|Annihilape, L50, M|100\/100\n|turn|2\n|\n|t:|1682440354\n|-terastallize|p1b: Armarouge|Dark\n|move|p1a: Annihilape|Final Gambit|p2a: Garchomp\n|-damage|p2a: Garchomp|0 fnt\n|faint|p1a: Annihilape\n|faint|p2a: Garchomp\n|move|p2b: Scizor|Acrobatics|p1b: Armarouge\n|-damage|p1b: Armarouge|74\/100\n|move|p1b: Armarouge|Trick Room|p1b: Armarouge\n|-fieldstart|move: Trick Room|[of] p1b: Armarouge\n|\n|upkeep\n|\n|t:|1682440365\n|switch|p1a: Torkoal|Torkoal, L50, M|100\/100\n|-weather|SunnyDay|[from] ability: Drought|[of] p1a: Torkoal\n|turn|3\n|c|\u2606doedel1104|Gg\n|\n|t:|1682440376\n|move|p1a: Torkoal|Flamethrower|p2b: Scizor\n|-supereffective|p2b: Scizor\n|-damage|p2b: Scizor|0 fnt\n|faint|p2b: Scizor\n|\n|win|doedel1104\n|raw|doedel1104's rating: 1100 → 1126<\/strong> (+26 for winning)\n|raw|bitouve's rating: 1109 → 1083<\/strong> (-26 for losing)\n|l|\u2606bitouve\n","uploadtime":1682440410,"views":6,"p1id":"doedel1104","p2id":"bitouve","formatid":"gen9vgc2023regulationc","rating":1083,"private":0,"password":""}