{"id":"gen9vgc2023regulationc-1853359427","p1":"Aperol Spinda","p2":"T15945","format":"[Gen 9] VGC 2023 Regulation C","log":"|j|\u2606Aperol Spinda\n|j|\u2606T15945\n|t:|1682674056\n|gametype|doubles\n|player|p1|Aperol Spinda|clair|1182\n|player|p2|T15945|benga|1221\n|teamsize|p1|6\n|teamsize|p2|6\n|gen|9\n|tier|[Gen 9] VGC 2023 Regulation C\n|rated|\n|rule|Species Clause: Limit one of each Pok\u00e9mon\n|rule|Item Clause: Limit one of each item\n|clearpoke\n|poke|p1|Fletchling, L50, M|\n|poke|p1|Noivern, L50, F|\n|poke|p1|Chi-Yu, L50|\n|poke|p1|Flutter Mane, L50|\n|poke|p1|Toxapex, L50, M|\n|poke|p1|Sawsbuck-Autumn, L50, M|\n|poke|p2|Gholdengo, L50|\n|poke|p2|Murkrow, L50, M|\n|poke|p2|Dragonite, L50, F|\n|poke|p2|Garganacl, L50, M|\n|poke|p2|Great Tusk, L50|\n|poke|p2|Arcanine, L50, M|\n|teampreview|4\n|inactive|Battle timer is ON: inactive players will automatically lose when time's up. (requested by Aperol Spinda)\nT15945 rejected open team sheets.\n|inactive|Aperol Spinda has 60 seconds left.\n|\n|t:|1682674094\n|start\n|switch|p1a: Fletchling|Fletchling, L50, M, shiny|100\/100\n|switch|p1b: Flutter Mane|Flutter Mane, L50|100\/100\n|switch|p2a: Garganacl|Garganacl, L50, M|100\/100\n|switch|p2b: Dragonite|Dragonite, L50, F|100\/100\n|-enditem|p1b: Flutter Mane|Booster Energy\n|-activate|p1b: Flutter Mane|ability: Protosynthesis|[fromitem]\n|-start|p1b: Flutter Mane|protosynthesisspa\n|turn|1\n|inactive|T15945 has 30 seconds left.\n|\n|t:|1682674126\n|-terastallize|p2a: Garganacl|Ghost\n|move|p1b: Flutter Mane|Protect|p1b: Flutter Mane\n|-singleturn|p1b: Flutter Mane|Protect\n|move|p2b: Dragonite|Extreme Speed|p1a: Fletchling\n|-enditem|p1a: Fletchling|Focus Sash\n|-damage|p1a: Fletchling|1\/100\n|move|p1a: Fletchling|Tailwind|p1a: Fletchling\n|-sidestart|p1: Aperol Spinda|move: Tailwind\n|move|p2a: Garganacl|Salt Cure|p1a: Fletchling\n|-supereffective|p1a: Fletchling\n|-damage|p1a: Fletchling|0 fnt\n|faint|p1a: Fletchling\n|\n|upkeep\n|\n|t:|1682674139\n|switch|p1a: Chi-Yu|Chi-Yu, L50|100\/100\n|-ability|p1a: Chi-Yu|Beads of Ruin\n|turn|2\n|\n|t:|1682674150\n|-terastallize|p1a: Chi-Yu|Ghost\n|move|p2b: Dragonite|Extreme Speed|p1a: Chi-Yu\n|-immune|p1a: Chi-Yu\n|move|p1b: Flutter Mane|Dazzling Gleam|p2b: Dragonite|[spread] p2a,p2b\n|-crit|p2a: Garganacl\n|-supereffective|p2b: Dragonite\n|-damage|p2a: Garganacl|43\/100\n|-damage|p2b: Dragonite|0 fnt\n|faint|p2b: Dragonite\n|move|p1a: Chi-Yu|Dark Pulse|p2a: Garganacl\n|-supereffective|p2a: Garganacl\n|-damage|p2a: Garganacl|0 fnt\n|faint|p2a: Garganacl\n|\n|upkeep\n|\n|t:|1682674162\n|switch|p2b: Great Tusk|Great Tusk, L50|100\/100\n|switch|p2a: Arcanine|Arcanine, L50, M|100\/100\n|-ability|p2a: Arcanine|Intimidate|boost\n|-unboost|p1a: Chi-Yu|atk|1\n|-unboost|p1b: Flutter Mane|atk|1\n|turn|3\n|\n|t:|1682674177\n|move|p1b: Flutter Mane|Dazzling Gleam|p2b: Great Tusk|[spread] p2a,p2b\n|-resisted|p2a: Arcanine\n|-supereffective|p2b: Great Tusk\n|-damage|p2a: Arcanine|69\/100\n|-damage|p2b: Great Tusk|0 fnt\n|faint|p2b: Great Tusk\n|-end|p2b: Great Tusk|Protosynthesis|[silent]\n|move|p1a: Chi-Yu|Heat Wave|p2a: Arcanine\n|-resisted|p2a: Arcanine\n|-damage|p2a: Arcanine|33\/100\n|-enditem|p2a: Arcanine|Sitrus Berry|[eat]\n|-heal|p2a: Arcanine|58\/100|[from] item: Sitrus Berry\n|move|p2a: Arcanine|Flare Blitz|p1b: Flutter Mane\n|-damage|p1b: Flutter Mane|0 fnt\n|faint|p1b: Flutter Mane\n|-end|p1b: Flutter Mane|Protosynthesis|[silent]\n|-damage|p2a: Arcanine|32\/100|[from] Recoil\n|\n|upkeep\n|\n|t:|1682674185\n|switch|p1b: Noivern|Noivern, L50, F|100\/100\n|turn|4\n|-message|T15945 forfeited.\n|\n|win|Aperol Spinda\n|raw|Aperol Spinda's rating: 1182 → 1210<\/strong> (+28 for winning)\n|raw|T15945's rating: 1221 → 1193<\/strong> (-28 for losing)\n|l|\u2606T15945\n","uploadtime":1682674200,"views":7,"p1id":"aperolspinda","p2id":"t15945","formatid":"gen9vgc2023regulationc","rating":1193,"private":0,"password":""}