{"id":"gen9vgc2023regulationc-1848430313","p1":"Beerthoven","p2":"PaulJSpear","format":"[Gen 9] VGC 2023 Regulation C","log":"|j|\u2606Beerthoven\n|j|\u2606PaulJSpear\n|t:|1682077112\n|gametype|doubles\n|player|p1|Beerthoven|102|\n|player|p2|PaulJSpear|lance|\n|teamsize|p1|6\n|teamsize|p2|6\n|gen|9\n|tier|[Gen 9] VGC 2023 Regulation C\n|rated|Tournament battle\n|rule|Species Clause: Limit one of each Pok\u00e9mon\n|rule|Item Clause: Limit one of each item\n|clearpoke\n|poke|p1|Annihilape, L50, M|\n|poke|p1|Maushold, L50|\n|poke|p1|Gastrodon, L50, F|\n|poke|p1|Flutter Mane, L50|\n|poke|p1|Chi-Yu, L50|\n|poke|p1|Farigiraf, L50, M|\n|poke|p2|Chi-Yu, L50|\n|poke|p2|Murkrow, L50, F|\n|poke|p2|Brute Bonnet, L50|\n|poke|p2|Flutter Mane, L50|\n|poke|p2|Great Tusk, L50|\n|poke|p2|Gholdengo, L50|\n|teampreview|4\n|raw| Open Team Sheet for Beerthoven<\/summary>Annihilape @ Leftovers Ability: Defiant Level: 50 Tera Type: Fire - Bulk Up - Drain Punch - Rage Fist - Protect Maushold @ Safety Goggles Ability: Friend Guard Level: 50 Tera Type: Poison - Follow Me - Beat Up - Super Fang - Protect Gastrodon @ Sitrus Berry Ability: Storm Drain Level: 50 Tera Type: Steel - Clear Smog - Yawn - Protect - Earth Power Flutter Mane @ Booster Energy Ability: Protosynthesis Level: 50 Tera Type: Fairy - Moonblast - Shadow Ball - Icy Wind - Protect Chi-Yu @ Choice Specs Ability: Beads of Ruin Level: 50 Tera Type: Water - Heat Wave - Dark Pulse - Snarl - Tera Blast Farigiraf @ Throat Spray Ability: Armor Tail Level: 50 Tera Type: Water - Hyper Voice - Psychic - Trick Room - Protect <\/details><\/div> Open Team Sheet for PaulJSpear<\/summary>Chi-Yu @ Safety Goggles Ability: Beads of Ruin Level: 50 Tera Type: Fire - Protect - Overheat - Dark Pulse - Heat Wave Murkrow @ Eviolite Ability: Prankster Level: 50 Tera Type: Ghost - Tailwind - Haze - Sunny Day - Brave Bird Brute Bonnet @ Loaded Dice Ability: Protosynthesis Level: 50 Tera Type: Poison - Rage Powder - Spore - Sucker Punch - Bullet Seed Flutter Mane @ Focus Sash Ability: Protosynthesis Level: 50 Tera Type: Fairy - Protect - Shadow Ball - Moonblast - Dazzling Gleam Great Tusk @ Assault Vest Ability: Protosynthesis Level: 50 Hidden Power: Fighting Tera Type: Steel - Headlong Rush - Close Combat - Earthquake - Rock Slide Gholdengo @ Choice Specs Ability: Good as Gold Level: 50 Tera Type: Water - Make It Rain - Shadow Ball - Power Gem - Thunderbolt <\/details><\/div>\n|\n|t:|1682077154\n|start\n|switch|p1a: Annihilape|Annihilape, L50, M|100\/100\n|switch|p1b: Maushold|Maushold, L50|100\/100\n|switch|p2a: Murkrow|Murkrow, L50, F|100\/100\n|switch|p2b: Chi-Yu|Chi-Yu, L50|100\/100\n|-ability|p2b: Chi-Yu|Beads of Ruin\n|turn|1\n|\n|t:|1682077178\n|-terastallize|p2b: Chi-Yu|Fire\n|-terastallize|p1a: Annihilape|Fire\n|move|p2a: Murkrow|Tailwind|p2a: Murkrow\n|-sidestart|p2: PaulJSpear|move: Tailwind\n|move|p2b: Chi-Yu|Overheat|p1b: Maushold\n|-damage|p1b: Maushold|0 fnt\n|-unboost|p2b: Chi-Yu|spa|2\n|faint|p1b: Maushold\n|move|p1a: Annihilape|Drain Punch|p2b: Chi-Yu\n|-damage|p2b: Chi-Yu|54\/100\n|\n|upkeep\n|\n|t:|1682077183\n|switch|p1b: Flutter Mane|Flutter Mane, L50|100\/100\n|-enditem|p1b: Flutter Mane|Booster Energy\n|-activate|p1b: Flutter Mane|ability: Protosynthesis|[fromitem]\n|-start|p1b: Flutter Mane|protosynthesisspe\n|turn|2\n|\n|t:|1682077191\n|move|p2a: Murkrow|Haze|p2a: Murkrow\n|-clearallboost\n|move|p2b: Chi-Yu|Overheat|p1b: Flutter Mane\n|-damage|p1b: Flutter Mane|0 fnt\n|-unboost|p2b: Chi-Yu|spa|2\n|faint|p1b: Flutter Mane\n|-end|p1b: Flutter Mane|Protosynthesis|[silent]\n|move|p1a: Annihilape|Bulk Up|p1a: Annihilape\n|-boost|p1a: Annihilape|atk|1\n|-boost|p1a: Annihilape|def|1\n|\n|upkeep\n|\n|t:|1682077194\n|switch|p1b: Chi-Yu|Chi-Yu, L50|100\/100\n|-ability|p1b: Chi-Yu|Beads of Ruin\n|turn|3\n|\n|t:|1682077204\n|move|p2a: Murkrow|Haze|p2a: Murkrow\n|-clearallboost\n|move|p2b: Chi-Yu|Overheat|p1b: Chi-Yu\n|-resisted|p1b: Chi-Yu\n|-damage|p1b: Chi-Yu|53\/100\n|-unboost|p2b: Chi-Yu|spa|2\n|move|p1b: Chi-Yu|Heat Wave|p2a: Murkrow|[spread] p2a,p2b\n|-resisted|p2b: Chi-Yu\n|-crit|p2b: Chi-Yu\n|-damage|p2a: Murkrow|11\/100\n|-damage|p2b: Chi-Yu|3\/100\n|move|p1a: Annihilape|Drain Punch|p2b: Chi-Yu\n|-damage|p2b: Chi-Yu|0 fnt\n|faint|p2b: Chi-Yu\n|\n|upkeep\n|\n|t:|1682077207\n|switch|p2b: Great Tusk|Great Tusk, L50|100\/100\n|turn|4\n|\n|t:|1682077216\n|move|p1a: Annihilape|Protect|p1a: Annihilape\n|-singleturn|p1a: Annihilape|Protect\n|move|p2a: Murkrow|Sunny Day|p2a: Murkrow\n|-weather|SunnyDay\n|-activate|p2b: Great Tusk|ability: Protosynthesis\n|-start|p2b: Great Tusk|protosynthesisatk\n|move|p2b: Great Tusk|Earthquake|p1a: Annihilape|[spread] p1b\n|-activate|p1a: Annihilape|move: Protect\n|-immune|p2a: Murkrow\n|-supereffective|p1b: Chi-Yu\n|-damage|p1b: Chi-Yu|0 fnt\n|faint|p1b: Chi-Yu\n|\n|-weather|SunnyDay|[upkeep]\n|-sideend|p2: PaulJSpear|move: Tailwind\n|upkeep\n|turn|5\n|-message|Beerthoven forfeited.\n|\n|win|PaulJSpear\n|n|\u2606Beerthoven|beerthoven\n|n|\u2606PaulJSpear|pauljspear\n","uploadtime":1682077221,"views":13,"p1id":"beerthoven","p2id":"pauljspear","formatid":"gen9vgc2023regulationc","rating":0,"private":0,"password":""}