{"id":"gen9vgc2023regulationc-1846505298","p1":"peperico25","p2":"hancec","format":"[Gen 9] VGC 2023 Regulation C","log":"|j|\u2606peperico25\n|j|\u2606hancec\n|t:|1681846576\n|gametype|doubles\n|player|p1|peperico25|benga|1331\n|player|p2|hancec|gentleman-gen4dp|1282\n|teamsize|p1|6\n|teamsize|p2|6\n|gen|9\n|tier|[Gen 9] VGC 2023 Regulation C\n|rated|\n|rule|Species Clause: Limit one of each Pok\u00e9mon\n|rule|Item Clause: Limit one of each item\n|clearpoke\n|poke|p1|Hatterene, L50, F|\n|poke|p1|Indeedee-F, L50, F|\n|poke|p1|Torkoal, L50, M|\n|poke|p1|Oranguru, L50, F|\n|poke|p1|Lurantis, L50, F|\n|poke|p1|Mudsdale, L50, F|\n|poke|p2|Murkrow, L50, F|\n|poke|p2|Iron Bundle, L50|\n|poke|p2|Chi-Yu, L50|\n|poke|p2|Gholdengo, L50|\n|poke|p2|Great Tusk, L50|\n|poke|p2|Brute Bonnet, L50|\n|teampreview|4\nhancec has agreed to open team sheets.\n|inactive|Battle timer is ON: inactive players will automatically lose when time's up. (requested by peperico25)\npeperico25 has agreed to open team sheets.\n|\n|t:|1681846621\n|start\n|switch|p1a: Indeedee|Indeedee-F, L50, F|100\/100\n|switch|p1b: Hatterene|Hatterene, L50, F|100\/100\n|switch|p2a: Tanjiro|Chi-Yu, L50|100\/100\n|switch|p2b: Zenitsu|Gholdengo, L50|100\/100\n|-ability|p2a: Tanjiro|Beads of Ruin\n|-fieldstart|move: Psychic Terrain|[from] ability: Psychic Surge|[of] p1a: Indeedee\n|-enditem|p1a: Indeedee|Psychic Seed\n|-boost|p1a: Indeedee|spd|1|[from] item: Psychic Seed\n|turn|1\n|inactive|peperico25 has 30 seconds left.\n|inactive|hancec has 30 seconds left.\n|inactive|peperico25 has 20 seconds left.\n|inactive|peperico25 has 15 seconds left.\n|inactive|peperico25 has 10 seconds left.\n|\n|t:|1681846667\n|-terastallize|p2b: Zenitsu|Steel\n|-terastallize|p1b: Hatterene|Fire\n|move|p1a: Indeedee|Follow Me|p1a: Indeedee\n|-singleturn|p1a: Indeedee|move: Follow Me\n|move|p2a: Tanjiro|Heat Wave|p1b: Hatterene|[spread] p1a,p1b\n|-resisted|p1b: Hatterene\n|-damage|p1a: Indeedee|74\/100\n|-damage|p1b: Hatterene|76\/100\n|-status|p1a: Indeedee|brn\n|move|p2b: Zenitsu|Make It Rain|p1a: Indeedee|[spread] p1a,p1b\n|-resisted|p1b: Hatterene\n|-damage|p1a: Indeedee|0 fnt\n|-damage|p1b: Hatterene|0 fnt\n|-unboost|p2b: Zenitsu|spa|1\n|faint|p1a: Indeedee\n|faint|p1b: Hatterene\n|\n|upkeep\n|\n|t:|1681846685\n|switch|p1a: Torkoal|Torkoal, L50, M|100\/100\n|switch|p1b: Mudsdale|Mudsdale, L50, F|100\/100\n|-weather|SunnyDay|[from] ability: Drought|[of] p1a: Torkoal\n|turn|2\n|\n|t:|1681846694\n|move|p2a: Tanjiro|Overheat|p1b: Mudsdale\n|-damage|p1b: Mudsdale|0 fnt\n|-unboost|p2a: Tanjiro|spa|2\n|faint|p1b: Mudsdale\n|move|p2b: Zenitsu|Make It Rain|p1a: Torkoal\n|-resisted|p1a: Torkoal\n|-damage|p1a: Torkoal|23\/100\n|-unboost|p2b: Zenitsu|spa|1\n|move|p1a: Torkoal|Eruption|p2a: Tanjiro|[spread] p2a,p2b\n|-resisted|p2a: Tanjiro\n|-supereffective|p2b: Zenitsu\n|-damage|p2a: Tanjiro|89\/100\n|-damage|p2b: Zenitsu|37\/100\n|\n|-weather|SunnyDay|[upkeep]\n|upkeep\n|turn|3\n|\n|t:|1681846701\n|move|p2a: Tanjiro|Overheat|p1a: Torkoal|[miss]\n|-miss|p2a: Tanjiro|p1a: Torkoal\n|move|p2b: Zenitsu|Make It Rain|p1a: Torkoal\n|-resisted|p1a: Torkoal\n|-damage|p1a: Torkoal|0 fnt\n|-unboost|p2b: Zenitsu|spa|1\n|faint|p1a: Torkoal\n|\n|win|hancec\n|raw|peperico25's rating: 1331 → 1308<\/strong> (-23 for losing)\n|raw|hancec's rating: 1282 → 1311<\/strong> (+29 for winning)\n|l|\u2606peperico25\n","uploadtime":1681846707,"views":7,"p1id":"peperico25","p2id":"hancec","formatid":"gen9vgc2023regulationc","rating":1308,"private":0,"password":""}