{"id":"gen9vgc2023regulationc-1860066986","p1":"qhjm1","p2":"littensalt","format":"[Gen 9] VGC 2023 Regulation C","log":"|j|\u2606qhjm1\n|j|\u2606littensalt\n|t:|1683591324\n|gametype|doubles\n|player|p1|qhjm1|2|1093\n|player|p2|littensalt|hugh|1158\n|teamsize|p1|6\n|teamsize|p2|6\n|gen|9\n|tier|[Gen 9] VGC 2023 Regulation C\n|rated|\n|rule|Species Clause: Limit one of each Pok\u00e9mon\n|rule|Item Clause: Limit one of each item\n|clearpoke\n|poke|p1|Slither Wing, L50|\n|poke|p1|Chien-Pao, L50|\n|poke|p1|Amoonguss, L50, F|\n|poke|p1|Gyarados, L50, M|\n|poke|p1|Iron Moth, L50|\n|poke|p1|Klefki, L50, F|\n|poke|p2|Indeedee-F, L50, F|\n|poke|p2|Armarouge, L50, F|\n|poke|p2|Gholdengo, L50|\n|poke|p2|Murkrow, L50, F|\n|poke|p2|Meowscarada, L50, F|\n|poke|p2|Great Tusk, L50|\n|teampreview|4\n|\n|t:|1683591351\n|start\n|switch|p1a: Chien-Pao|Chien-Pao, L50|100\/100\n|switch|p1b: Slither Wing|Slither Wing, L50|100\/100\n|switch|p2a: Indeedee|Indeedee-F, L50, F|100\/100\n|switch|p2b: Armarouge|Armarouge, L50, F|100\/100\n|-ability|p1a: Chien-Pao|Sword of Ruin\n|-fieldstart|move: Psychic Terrain|[from] ability: Psychic Surge|[of] p2a: Indeedee\n|-enditem|p2a: Indeedee|Psychic Seed\n|-boost|p2a: Indeedee|spd|1|[from] item: Psychic Seed\n|turn|1\n|\n|t:|1683591367\n|-terastallize|p1b: Slither Wing|Fire\n|move|p2a: Indeedee|Follow Me|p2a: Indeedee\n|-singleturn|p2a: Indeedee|move: Follow Me\n|move|p1a: Chien-Pao|Ice Spinner|p2a: Indeedee\n|-damage|p2a: Indeedee|30\/100\n|-fieldend|move: Psychic Terrain\n|move|p1b: Slither Wing|U-turn|p2a: Indeedee\n|-supereffective|p2a: Indeedee\n|-damage|p2a: Indeedee|0 fnt\n|faint|p2a: Indeedee\n|-damage|p1b: Slither Wing|91\/100|[from] item: Life Orb\n|\n|t:|1683591376\n|-end|p1b: Slither Wing|Protosynthesis|[silent]\n|switch|p1b: Klefki|Klefki, L50, F|100\/100|[from] U-turn\n|move|p2b: Armarouge|Trick Room|p2b: Armarouge\n|-fieldstart|move: Trick Room|[of] p2b: Armarouge\n|\n|upkeep\n|\n|t:|1683591382\n|switch|p2a: Gholdengo|Gholdengo, L50|100\/100\n|turn|2\n|\n|t:|1683591402\n|move|p1a: Chien-Pao|Sucker Punch|p2a: Gholdengo\n|-supereffective|p2a: Gholdengo\n|-damage|p2a: Gholdengo|0 fnt\n|faint|p2a: Gholdengo\n|move|p2b: Armarouge|Armor Cannon|p1a: Chien-Pao\n|-supereffective|p1a: Chien-Pao\n|-enditem|p1a: Chien-Pao|Focus Sash\n|-damage|p1a: Chien-Pao|1\/100\n|-unboost|p2b: Armarouge|def|1\n|-unboost|p2b: Armarouge|spd|1\n|-damage|p2b: Armarouge|91\/100|[from] item: Life Orb\n|move|p1b: Klefki|Trick Room|p1b: Klefki\n|-fieldend|move: Trick Room\n|\n|upkeep\n|\n|t:|1683591405\n|switch|p2a: Great Tusk|Great Tusk, L50|100\/100\n|-enditem|p2a: Great Tusk|Booster Energy\n|-activate|p2a: Great Tusk|ability: Protosynthesis|[fromitem]\n|-start|p2a: Great Tusk|protosynthesisatk\n|turn|3\n|\n|t:|1683591421\n|-terastallize|p2a: Great Tusk|Ground\n|move|p1a: Chien-Pao|Protect|p1a: Chien-Pao\n|-singleturn|p1a: Chien-Pao|Protect\n|move|p1b: Klefki|Reflect|p1b: Klefki\n|-sidestart|p1: qhjm1|Reflect\n|move|p2a: Great Tusk|Headlong Rush|p1b: Klefki\n|-supereffective|p1b: Klefki\n|-damage|p1b: Klefki|0 fnt\n|-unboost|p2a: Great Tusk|def|1\n|-unboost|p2a: Great Tusk|spd|1\n|faint|p1b: Klefki\n|move|p2b: Armarouge|Trick Room|p2b: Armarouge\n|-fieldstart|move: Trick Room|[of] p2b: Armarouge\n|\n|upkeep\n|\n|t:|1683591434\n|switch|p1b: Slither Wing|Slither Wing, L50, tera:Fire|91\/100\n|turn|4\n|\n|t:|1683591444\n|move|p1b: Slither Wing|First Impression|p2b: Armarouge\n|-damage|p2b: Armarouge|0 fnt\n|faint|p2b: Armarouge\n|-damage|p1b: Slither Wing|81\/100|[from] item: Life Orb\n|move|p2a: Great Tusk|Headlong Rush|p1b: Slither Wing\n|-supereffective|p1b: Slither Wing\n|-damage|p1b: Slither Wing|0 fnt\n|-unboost|p2a: Great Tusk|def|1\n|-unboost|p2a: Great Tusk|spd|1\n|faint|p1b: Slither Wing\n|-end|p1b: Slither Wing|Protosynthesis|[silent]\n|move|p1a: Chien-Pao|Ice Spinner|p2a: Great Tusk\n|-supereffective|p2a: Great Tusk\n|-damage|p2a: Great Tusk|0 fnt\n|faint|p2a: Great Tusk\n|-end|p2a: Great Tusk|Protosynthesis|[silent]\n|\n|win|qhjm1\n|raw|qhjm1's rating: 1093 → 1124<\/strong> (+31 for winning)\n|raw|littensalt's rating: 1158 → 1128<\/strong> (-30 for losing)\n|l|\u2606qhjm1\n|c|\u2606littensalt|gg\n","uploadtime":1683591456,"views":8,"p1id":"qhjm1","p2id":"littensalt","formatid":"gen9vgc2023regulationc","rating":1124,"private":0,"password":""}