{"id":"gen9vgc2023regulationc-1861002007","p1":"Piff92","p2":"GryffindorAle","format":"[Gen 9] VGC 2023 Regulation C","log":"|j|\u2606Piff92\n|j|\u2606GryffindorAle\n|t:|1683712068\n|gametype|doubles\n|player|p1|Piff92|170|1178\n|player|p2|GryffindorAle|101|1186\n|teamsize|p1|6\n|teamsize|p2|6\n|gen|9\n|tier|[Gen 9] VGC 2023 Regulation C\n|rated|\n|rule|Species Clause: Limit one of each Pok\u00e9mon\n|rule|Item Clause: Limit one of each item\n|clearpoke\n|poke|p1|Greedent, L50, F|\n|poke|p1|Slowbro, L50, M|\n|poke|p1|Pelipper, L50, M|\n|poke|p1|Drednaw, L50, M|\n|poke|p1|Flamigo, L50, M|\n|poke|p1|Maushold, L50|\n|poke|p2|Flutter Mane, L50|\n|poke|p2|Chi-Yu, L50|\n|poke|p2|Iron Hands, L50|\n|poke|p2|Talonflame, L50, M|\n|poke|p2|Great Tusk, L50|\n|poke|p2|Palafin, L50, F|\n|teampreview|4\nGryffindorAle has agreed to open team sheets.\n|\n|t:|1683712110\n|start\n|switch|p1a: Greedent|Greedent, L50, F|100\/100\n|switch|p1b: Slowbro|Slowbro, L50, M|100\/100\n|switch|p2a: Iron Hands|Iron Hands, L50|100\/100\n|switch|p2b: Palafin|Palafin, L50, F|100\/100\n|turn|1\n|\n|t:|1683712140\n|detailschange|p2b: Palafin|Palafin-Hero, L50, F\n|switch|p2b: Chi-Yu|Chi-Yu, L50|100\/100\n|-ability|p2b: Chi-Yu|Beads of Ruin\n|-terastallize|p1a: Greedent|Ghost\n|move|p2a: Iron Hands|Fake Out|p1a: Greedent\n|-immune|p1a: Greedent\n|move|p1a: Greedent|Belly Drum|p1a: Greedent\n|-damage|p1a: Greedent|50\/100\n|-setboost|p1a: Greedent|atk|6|[from] move: Belly Drum\n|-enditem|p1a: Greedent|Sitrus Berry|[eat]\n|-heal|p1a: Greedent|75\/100|[from] item: Sitrus Berry\n|-heal|p1a: Greedent|100\/100|[from] ability: Cheek Pouch\n|move|p1b: Slowbro|Trick Room|p1b: Slowbro\n|-fieldstart|move: Trick Room|[of] p1b: Slowbro\n|\n|upkeep\n|turn|2\n|\n|t:|1683712171\n|switch|p1b: Flamigo|Flamigo, L50, M|100\/100\n|-copyboost|p1b: Flamigo|p1a: Greedent|[from] ability: Costar\n|-terastallize|p2b: Chi-Yu|Ghost\n|move|p1a: Greedent|Earthquake|p2b: Chi-Yu|[spread] p2a,p2b\n|-immune|p1b: Flamigo\n|-supereffective|p2a: Iron Hands\n|-damage|p2a: Iron Hands|0 fnt\n|-damage|p2b: Chi-Yu|0 fnt\n|faint|p2a: Iron Hands\n|-end|p2a: Iron Hands|Quark Drive|[silent]\n|faint|p2b: Chi-Yu\n|\n|upkeep\n|\n|t:|1683712183\n|switch|p2a: Flutter Mane|Flutter Mane, L50|100\/100\n|switch|p2b: Palafin|Palafin-Hero, L50, F|100\/100\n|-activate|p2b: Palafin|ability: Zero to Hero\n|-enditem|p2a: Flutter Mane|Booster Energy\n|-activate|p2a: Flutter Mane|ability: Protosynthesis|[fromitem]\n|-start|p2a: Flutter Mane|protosynthesisspe\n|turn|3\n|\n|t:|1683712197\n|move|p2a: Flutter Mane|Protect|p2a: Flutter Mane\n|-singleturn|p2a: Flutter Mane|Protect\n|move|p1b: Flamigo|Quick Guard|p1b: Flamigo\n|-singleturn|p1b: Flamigo|Quick Guard\n|move|p2b: Palafin|Jet Punch|p1a: Greedent\n|-activate|p1a: Greedent|move: Quick Guard\n|move|p1a: Greedent|Earthquake|p2b: Palafin|[spread] p2b\n|-activate|p2a: Flutter Mane|move: Protect\n|-immune|p1b: Flamigo\n|-damage|p2b: Palafin|9\/100\n|\n|upkeep\n|turn|4\n|-message|GryffindorAle forfeited.\n|\n|win|Piff92\n|raw|Piff92's rating: 1178 → 1204<\/strong> (+26 for winning)\n|raw|GryffindorAle's rating: 1186 → 1160<\/strong> (-26 for losing)\n|l|\u2606GryffindorAle\n","uploadtime":1683712217,"views":20,"p1id":"piff92","p2id":"gryffindorale","formatid":"gen9vgc2023regulationc","rating":1160,"private":0,"password":""}