{"id":"gen9vgc2023regulationc-1853424101","p1":"Vee_Sketch","p2":"MasterHand","format":"[Gen 9] VGC 2023 Regulation C","log":"|j|\u2606Vee_Sketch\n|j|\u2606MasterHand\n|t:|1682683465\n|gametype|doubles\n|player|p1|Vee_Sketch|iono|1091\n|player|p2|MasterHand|volkner|1078\n|teamsize|p1|6\n|teamsize|p2|6\n|gen|9\n|tier|[Gen 9] VGC 2023 Regulation C\n|rated|\n|rule|Species Clause: Limit one of each Pok\u00e9mon\n|rule|Item Clause: Limit one of each item\n|clearpoke\n|poke|p1|Volcarona, L50, F|\n|poke|p1|Oricorio-Pom-Pom, L50, M|\n|poke|p1|Lilligant, L50, F|\n|poke|p1|Torkoal, L50, M|\n|poke|p1|Amoonguss, L50, F|\n|poke|p1|Grimmsnarl, L50, M|\n|poke|p2|Torkoal, L50, F|\n|poke|p2|Coalossal, L50, M|\n|poke|p2|Dachsbun, L50, F|\n|poke|p2|Roaring Moon, L50|\n|poke|p2|Sandy Shocks, L50|\n|poke|p2|Chi-Yu, L50|\n|teampreview|4\n|inactive|Battle timer is ON: inactive players will automatically lose when time's up. (requested by Vee_Sketch)\n|inactive|MasterHand has 60 seconds left.\n|\n|t:|1682683497\n|start\n|switch|p1a: Oricorio|Oricorio-Pom-Pom, L50, M, shiny|100\/100\n|switch|p1b: Lilligant|Lilligant, L50, F|100\/100\n|switch|p2a: Chi-Y|Chi-Yu, L50|100\/100\n|switch|p2b: Coalossal|Coalossal, L50, M|100\/100\n|-ability|p2a: Chi-Y|Beads of Ruin\n|turn|1\n|\n|t:|1682683510\n|-terastallize|p1b: Lilligant|Fire\n|move|p2b: Coalossal|Endure|p2b: Coalossal\n|-singleturn|p2b: Coalossal|move: Endure\n|move|p2a: Chi-Y|Lava Plume|p1b: Lilligant|[spread] p2b,p1a,p1b\n|-resisted|p2b: Coalossal\n|-resisted|p1b: Lilligant\n|-damage|p2b: Coalossal|90\/100\n|-damage|p1a: Oricorio|26\/100\n|-damage|p1b: Lilligant|67\/100\n|-ability|p2b: Coalossal|Steam Engine|boost\n|-boost|p2b: Coalossal|spe|6\n|-enditem|p1a: Oricorio|Sitrus Berry|[eat]\n|-heal|p1a: Oricorio|50\/100|[from] item: Sitrus Berry\n|move|p1a: Oricorio|Quiver Dance|p1a: Oricorio\n|-boost|p1a: Oricorio|spa|1\n|-boost|p1a: Oricorio|spd|1\n|-boost|p1a: Oricorio|spe|1\n|move|p1b: Lilligant|Quiver Dance|p1b: Lilligant\n|-boost|p1b: Lilligant|spa|1\n|-boost|p1b: Lilligant|spd|1\n|-boost|p1b: Lilligant|spe|1\n|-activate|p1a: Oricorio|ability: Dancer\n|move|p1a: Oricorio|Quiver Dance|p1a: Oricorio|[from]ability: Dancer\n|-boost|p1a: Oricorio|spa|1\n|-boost|p1a: Oricorio|spd|1\n|-boost|p1a: Oricorio|spe|1\n|\n|upkeep\n|turn|2\n|inactive|Vee_Sketch has 30 seconds left.\n|inactive|MasterHand has 30 seconds left.\n|\n|t:|1682683540\n|move|p2b: Coalossal|Rock Slide|p1b: Lilligant|[spread] p1a,p1b\n|-supereffective|p1a: Oricorio\n|-supereffective|p1b: Lilligant\n|-damage|p1a: Oricorio|0 fnt\n|-damage|p1b: Lilligant|3\/100\n|faint|p1a: Oricorio\n|move|p2a: Chi-Y|Lava Plume|p1b: Lilligant|[spread] p2b,p1b\n|-resisted|p2b: Coalossal\n|-resisted|p1b: Lilligant\n|-damage|p2b: Coalossal|78\/100\n|-damage|p1b: Lilligant|0 fnt\n|faint|p1b: Lilligant\n|\n|upkeep\n|-message|Vee_Sketch forfeited.\n|\n|win|MasterHand\n|raw|Vee_Sketch's rating: 1091 → 1066<\/strong> (-25 for losing)\n|raw|MasterHand's rating: 1078 → 1107<\/strong> (+29 for winning)\n|l|\u2606Vee_Sketch\n","uploadtime":1682683559,"views":11,"p1id":"veesketch","p2id":"masterhand","formatid":"gen9vgc2023regulationc","rating":1066,"private":0,"password":""}