{"id":"gen9vgc2023regulationc-1853045697","p1":"Aigashu-15","p2":"pocketchansey","format":"[Gen 9] VGC 2023 Regulation C","log":"|j|\u2606Aigashu-15\n|j|\u2606pocketchansey\n|t:|1682628976\n|gametype|doubles\n|player|p1|Aigashu-15|101|1044\n|player|p2|pocketchansey|169|1063\n|teamsize|p1|6\n|teamsize|p2|6\n|gen|9\n|tier|[Gen 9] VGC 2023 Regulation C\n|rated|\n|rule|Species Clause: Limit one of each Pok\u00e9mon\n|rule|Item Clause: Limit one of each item\n|clearpoke\n|poke|p1|Arboliva, L50, M|\n|poke|p1|Iron Hands, L50|\n|poke|p1|Farigiraf, L50, M|\n|poke|p1|Glimmora, L50, M|\n|poke|p1|Mimikyu, L50, M|\n|poke|p1|Slowking, L50, M|\n|poke|p2|Azumarill, L50, F|\n|poke|p2|Arcanine, L50, F|\n|poke|p2|Flutter Mane, L50|\n|poke|p2|Iron Hands, L50|\n|poke|p2|Ting-Lu, L50|\n|poke|p2|Amoonguss, L50, F|\n|teampreview|4\nAigashu-15 has agreed to open team sheets.\n|\n|t:|1682629016\n|start\n|switch|p1a: Agamenon|Farigiraf, L50, M|100\/100\n|switch|p1b: Majar\u00e9|Arboliva, L50, M, shiny|100\/100\n|switch|p2a: Amanita|Amoonguss, L50, F, shiny|100\/100\n|switch|p2b: Goldy|Azumarill, L50, F, shiny|100\/100\n|turn|1\n|\n|t:|1682629046\n|move|p2b: Goldy|Ice Spinner|p1b: Majar\u00e9\n|-supereffective|p1b: Majar\u00e9\n|-damage|p1b: Majar\u00e9|26\/100\n|-fieldstart|move: Grassy Terrain|[from] ability: Seed Sower|[of] p1b: Majar\u00e9\n|move|p1b: Majar\u00e9|Hyper Voice|p2a: Amanita|[spread] p2a,p2b\n|-damage|p2a: Amanita|73\/100\n|-damage|p2b: Goldy|64\/100\n|-enditem|p1b: Majar\u00e9|Throat Spray\n|-boost|p1b: Majar\u00e9|spa|1|[from] item: Throat Spray\n|move|p2a: Amanita|Spore|p1a: Agamenon\n|-activate|p1a: Agamenon|item: Safety Goggles|Spore\n|move|p1a: Agamenon|Trick Room|p1a: Agamenon\n|-fieldstart|move: Trick Room|[of] p1a: Agamenon\n|\n|-heal|p2a: Amanita|79\/100|[from] Grassy Terrain\n|-heal|p1b: Majar\u00e9|31\/100|[from] Grassy Terrain\n|-heal|p2b: Goldy|69\/100|[from] Grassy Terrain\n|upkeep\n|turn|2\n|\n|t:|1682629074\n|move|p2a: Amanita|Rage Powder|p2a: Amanita\n|-singleturn|p2a: Amanita|move: Rage Powder\n|move|p1a: Agamenon|Psychic|p2a: Amanita\n|-supereffective|p2a: Amanita\n|-damage|p2a: Amanita|21\/100\n|move|p1b: Majar\u00e9|Terrain Pulse|p2b: Goldy\n|-supereffective|p2b: Goldy\n|-damage|p2b: Goldy|0 fnt\n|faint|p2b: Goldy\n|\n|-heal|p2a: Amanita|27\/100|[from] Grassy Terrain\n|-heal|p1b: Majar\u00e9|37\/100|[from] Grassy Terrain\n|upkeep\n|\n|t:|1682629087\n|switch|p2b: Morgana|Flutter Mane, L50, shiny|100\/100\n|turn|3\n|\n|t:|1682629111\n|-terastallize|p2b: Morgana|Fairy\n|move|p2a: Amanita|Leaf Storm|p1a: Agamenon\n|-damage|p1a: Agamenon|54\/100\n|-unboost|p2a: Amanita|spa|2\n|move|p1a: Agamenon|Psychic|p2a: Amanita\n|-supereffective|p2a: Amanita\n|-damage|p2a: Amanita|0 fnt\n|faint|p2a: Amanita\n|move|p1b: Majar\u00e9|Terrain Pulse|p2b: Morgana\n|-damage|p2b: Morgana|0 fnt\n|faint|p2b: Morgana\n|-end|p2b: Morgana|Protosynthesis|[silent]\n|\n|-heal|p1a: Agamenon|60\/100|[from] Grassy Terrain\n|-heal|p1b: Majar\u00e9|43\/100|[from] Grassy Terrain\n|upkeep\n|-message|pocketchansey forfeited.\n|\n|win|Aigashu-15\n|raw|Aigashu-15's rating: 1044 → 1079<\/strong> (+35 for winning)\n|raw|pocketchansey's rating: 1063 → 1042<\/strong> (-21 for losing)\n|l|\u2606pocketchansey\n","uploadtime":1682629139,"views":15,"p1id":"aigashu15","p2id":"pocketchansey","formatid":"gen9vgc2023regulationc","rating":1042,"private":0,"password":""}