{"id":"gen9vgc2023regulationc-1852089543","p1":"qwhgajs","p2":"TheGavFather","format":"[Gen 9] VGC 2023 Regulation C","log":"|j|\u2606qwhgajs\n|j|\u2606TheGavFather\n|t:|1682523259\n|gametype|doubles\n|player|p1|qwhgajs|1|1000\n|player|p2|TheGavFather|1|1108\n|teamsize|p1|6\n|teamsize|p2|6\n|gen|9\n|tier|[Gen 9] VGC 2023 Regulation C\n|rated|\n|rule|Species Clause: Limit one of each Pok\u00e9mon\n|rule|Item Clause: Limit one of each item\n|clearpoke\n|poke|p1|Palafin, L50, F|\n|poke|p1|Amoonguss, L50, M|\n|poke|p1|Arcanine, L50, M|\n|poke|p1|Flutter Mane, L50|\n|poke|p1|Kingambit, L50, M|\n|poke|p1|Baxcalibur, L50, M|\n|poke|p2|Tinkaton, L50, F|\n|poke|p2|Amoonguss, L50, F|\n|poke|p2|Gyarados, L50, M|\n|poke|p2|Flutter Mane, L50|\n|poke|p2|Ting-Lu, L50|\n|poke|p2|Arcanine, L50, F|\n|teampreview|4\n|\n|t:|1682523283\n|start\n|switch|p1a: Kingambit|Kingambit, L50, M|100\/100\n|switch|p1b: Arcanine|Arcanine, L50, M|100\/100\n|switch|p2a: Tinkaton|Tinkaton, L50, F|100\/100\n|switch|p2b: Gyarados|Gyarados, L50, M|100\/100\n|-ability|p2b: Gyarados|Intimidate|boost\n|-unboost|p1a: Kingambit|atk|1\n|-ability|p1a: Kingambit|Defiant|boost\n|-boost|p1a: Kingambit|atk|2\n|-unboost|p1b: Arcanine|atk|1\n|-ability|p1b: Arcanine|Intimidate|boost\n|-unboost|p2a: Tinkaton|atk|1\n|-unboost|p2b: Gyarados|atk|1\n|-ability|p2a: Tinkaton|Mold Breaker\n|turn|1\n|\n|t:|1682523310\n|move|p2b: Gyarados|Waterfall|p1b: Arcanine\n|-supereffective|p1b: Arcanine\n|-damage|p1b: Arcanine|32\/100\n|move|p1b: Arcanine|Wild Charge|p2b: Gyarados\n|-supereffective|p2b: Gyarados\n|-damage|p2b: Gyarados|16\/100\n|-damage|p1b: Arcanine|14\/100|[from] Recoil\n|move|p2a: Tinkaton|Play Rough|p1a: Kingambit\n|-damage|p1a: Kingambit|85\/100\n|-damage|p2a: Tinkaton|91\/100|[from] item: Life Orb\n|move|p1a: Kingambit|Iron Head|p2a: Tinkaton\n|-damage|p2a: Tinkaton|12\/100\n|\n|-heal|p2b: Gyarados|22\/100|[from] item: Leftovers\n|upkeep\n|turn|2\n|\n|t:|1682523334\n|move|p1a: Kingambit|Sucker Punch|p2b: Gyarados\n|-damage|p2b: Gyarados|0 fnt\n|faint|p2b: Gyarados\n|move|p1b: Arcanine|Flare Blitz|p2a: Tinkaton\n|-supereffective|p2a: Tinkaton\n|-damage|p2a: Tinkaton|0 fnt\n|faint|p2a: Tinkaton\n|-damage|p1b: Arcanine|11\/100|[from] Recoil\n|\n|upkeep\n|\n|t:|1682523342\n|switch|p2b: Flutter Mane|Flutter Mane, L50|100\/100\n|switch|p2a: Amoonguss|Amoonguss, L50, F|100\/100\n|turn|3\n|\n|t:|1682523360\n|-terastallize|p1a: Kingambit|Grass\n|move|p2b: Flutter Mane|Moonblast|p1b: Arcanine\n|-resisted|p1b: Arcanine\n|-damage|p1b: Arcanine|0 fnt\n|faint|p1b: Arcanine\n|move|p1a: Kingambit|Iron Head|p2b: Flutter Mane\n|-supereffective|p2b: Flutter Mane\n|-damage|p2b: Flutter Mane|0 fnt\n|faint|p2b: Flutter Mane\n|-end|p2b: Flutter Mane|Protosynthesis|[silent]\n|move|p2a: Amoonguss|Spore|p1a: Kingambit\n|-immune|p1a: Kingambit\n|\n|upkeep\n|\n|t:|1682523371\n|switch|p1b: Baxcalibur|Baxcalibur, L50, M|100\/100\n|turn|4\n|\n|t:|1682523379\n|-terastallize|p2a: Amoonguss|Water\n|move|p1b: Baxcalibur|Icicle Spear|p2a: Amoonguss\n|-resisted|p2a: Amoonguss\n|-damage|p2a: Amoonguss|92\/100\n|-resisted|p2a: Amoonguss\n|-damage|p2a: Amoonguss|85\/100\n|-resisted|p2a: Amoonguss\n|-damage|p2a: Amoonguss|77\/100\n|-resisted|p2a: Amoonguss\n|-damage|p2a: Amoonguss|68\/100\n|-resisted|p2a: Amoonguss\n|-damage|p2a: Amoonguss|61\/100\n|-hitcount|p2a: Amoonguss|5\n|move|p1a: Kingambit|Kowtow Cleave|p2a: Amoonguss\n|-damage|p2a: Amoonguss|0 fnt\n|-damage|p1a: Kingambit|69\/100|[from] item: Rocky Helmet|[of] p2a: Amoonguss\n|faint|p2a: Amoonguss\n|\n|win|qwhgajs\n|raw|qwhgajs's rating: 1000 → 1052<\/strong> (+52 for winning)\n|raw|TheGavFather's rating: 1108 → 1075<\/strong> (-33 for losing)\n|l|\u2606TheGavFather\n","uploadtime":1682523396,"views":16,"p1id":"qwhgajs","p2id":"thegavfather","formatid":"gen9vgc2023regulationc","rating":1052,"private":0,"password":""}