{"id":"gen9vgc2023regulationc-1851548461","p1":"Whatever0512","p2":"AndrwApple","format":"[Gen 9] VGC 2023 Regulation C","log":"|j|\u2606Whatever0512\n|j|\u2606AndrwApple\n|t:|1682454647\n|gametype|doubles\n|player|p1|Whatever0512|266|1545\n|player|p2|AndrwApple|erika-masters|1486\n|teamsize|p1|6\n|teamsize|p2|6\n|gen|9\n|tier|[Gen 9] VGC 2023 Regulation C\n|rated|\n|rule|Species Clause: Limit one of each Pok\u00e9mon\n|rule|Item Clause: Limit one of each item\n|clearpoke\n|poke|p1|Talonflame, L50, M|\n|poke|p1|Flutter Mane, L50|\n|poke|p1|Tyranitar, L50, F|\n|poke|p1|Iron Bundle, L50|\n|poke|p1|Gothitelle, L50, M|\n|poke|p1|Great Tusk, L50|\n|poke|p2|Flutter Mane, L50|\n|poke|p2|Amoonguss, L50, M|\n|poke|p2|Gholdengo, L50|\n|poke|p2|Chien-Pao, L50|\n|poke|p2|Arcanine, L50, M|\n|poke|p2|Dragonite, L50, M|\n|teampreview|4\n|\n|t:|1682454682\n|start\n|switch|p1a: Iron Bundle|Iron Bundle, L50|100\/100\n|switch|p1b: Flutter Mane|Flutter Mane, L50|100\/100\n|switch|p2a: Arcanine|Arcanine, L50, M|100\/100\n|switch|p2b: Gholdengo|Gholdengo, L50|100\/100\n|-ability|p2a: Arcanine|Intimidate|boost\n|-unboost|p1a: Iron Bundle|atk|1\n|-unboost|p1b: Flutter Mane|atk|1\n|-enditem|p1a: Iron Bundle|Booster Energy\n|-activate|p1a: Iron Bundle|ability: Quark Drive|[fromitem]\n|-start|p1a: Iron Bundle|quarkdrivespe\n|turn|1\n|\n|t:|1682454701\n|-terastallize|p2b: Gholdengo|Water\n|move|p2a: Arcanine|Protect|p2a: Arcanine\n|-singleturn|p2a: Arcanine|Protect\n|move|p1a: Iron Bundle|Freeze-Dry|p2b: Gholdengo\n|-supereffective|p2b: Gholdengo\n|-damage|p2b: Gholdengo|26\/100\n|move|p1b: Flutter Mane|Shadow Ball|p2b: Gholdengo\n|-damage|p2b: Gholdengo|0 fnt\n|faint|p2b: Gholdengo\n|\n|upkeep\n|-message|AndrwApple forfeited.\n|\n|win|Whatever0512\n|raw|Whatever0512's rating: 1545 → 1562<\/strong> (+17 for winning)\n|raw|AndrwApple's rating: 1486 → 1469<\/strong> (-17 for losing)\n|l|\u2606AndrwApple\n|c|\u2606Whatever0512|Gg\n","uploadtime":1682454716,"views":8,"p1id":"whatever0512","p2id":"andrwapple","formatid":"gen9vgc2023regulationc","rating":1469,"private":0,"password":""}