{"id":"gen9vgc2023regulationc-1845097932","p1":"DaWoblefet","p2":"Privnoval016","format":"[Gen 9] VGC 2023 Regulation C","log":"|j|\u2606DaWoblefet\n|j|\u2606Privnoval016\n|t:|1681683270\n|gametype|doubles\n|player|p1|DaWoblefet|#dawoblefet|\n|player|p2|Privnoval016|red-masters2|\n|teamsize|p1|6\n|teamsize|p2|6\n|gen|9\n|tier|[Gen 9] VGC 2023 Regulation C\n|rated|Tournament battle\n|rule|Species Clause: Limit one of each Pok\u00e9mon\n|rule|Item Clause: Limit one of each item\n|clearpoke\n|poke|p1|Arcanine, L50, F|\n|poke|p1|Baxcalibur, L50, M|\n|poke|p1|Flutter Mane, L50|\n|poke|p1|Palafin, L50, M|\n|poke|p1|Amoonguss, L50, F|\n|poke|p1|Ting-Lu, L50|\n|poke|p2|Gyarados, L50, M|\n|poke|p2|Amoonguss, L50, M|\n|poke|p2|Flutter Mane, L50|\n|poke|p2|Chi-Yu, L50|\n|poke|p2|Roaring Moon, L50|\n|poke|p2|Garchomp, L50, M|\n|teampreview|4\n|raw| Open Team Sheet for DaWoblefet<\/summary>Arcanine @ Safety Goggles Ability: Intimidate Level: 50 Tera Type: Flying - Flare Blitz - Extreme Speed - Will-O-Wisp - Protect Baxcalibur @ Clear Amulet Ability: Thermal Exchange Level: 50 Tera Type: Poison - Glaive Rush - Icicle Crash - Ice Shard - Protect Flutter Mane @ Choice Specs Ability: Protosynthesis Level: 50 Shiny: Yes Tera Type: Fairy - Moonblast - Shadow Ball - Dazzling Gleam - Power Gem Palafin @ Mystic Water Ability: Zero to Hero Level: 50 Shiny: Yes Tera Type: Water - Wave Crash - Jet Punch - Substitute - Protect Amoonguss @ Sitrus Berry Ability: Regenerator Level: 50 Tera Type: Water - Rage Powder - Spore - Pollen Puff - Clear Smog Ting-Lu @ Assault Vest Ability: Vessel of Ruin Level: 50 Tera Type: Poison - Stomping Tantrum - Ruination - Heavy Slam - Stone Edge <\/details><\/div> Open Team Sheet for Privnoval016<\/summary>If you wanna (Gyarados) @ Sitrus Berry Ability: Intimidate Level: 50 Shiny: Yes Tera Type: Grass - Waterfall - Protect - Thunder Wave - Iron Head See some action (Amoonguss) @ Covert Cloak Ability: Regenerator Level: 50 Shiny: Yes Tera Type: Water - Rage Powder - Spore - Protect - Pollen Puff Gotta be center (Flutter Mane) @ Choice Specs Ability: Protosynthesis Level: 50 Tera Type: Fairy - Dazzling Gleam - Moonblast - Shadow Ball - Power Gem OF ATTRACTION (Chi-Yu) @ Focus Sash Ability: Beads of Ruin Level: 50 Tera Type: Fire - Heat Wave - Protect - Dark Pulse - Overheat So baby now you (Roaring Moon) @ Booster Energy Ability: Protosynthesis Level: 50 Tera Type: Flying - Acrobatics - Tailwind - Protect - Throat Chop Feel like Number 1 (Garchomp) @ Choice Band Ability: Rough Skin Level: 50 Tera Type: Fire - Earthquake - Rock Slide - Dragon Claw - Stomping Tantrum <\/details><\/div>\n|j| That_Leek\n|j| DaGreedent+\n|c|\u2606Privnoval016|glhf\n|j| heyemoboy\n|c|\u2606DaWoblefet|gl hf\n|inactive|Battle timer is ON: inactive players will automatically lose when time's up. (requested by DaWoblefet)\n|j| CampBellford\n|\n|t:|1681683361\n|start\n|switch|p1a: Baxcalibur|Baxcalibur, L50, M|100\/100\n|switch|p1b: Palafin|Palafin, L50, M, shiny|100\/100\n|switch|p2a: If you wanna|Gyarados, L50, M, shiny|100\/100\n|switch|p2b: See some action|Amoonguss, L50, M, shiny|100\/100\n|-ability|p2a: If you wanna|Intimidate|boost\n|-fail|p1a: Baxcalibur|unboost|[from] item: Clear Amulet|[of] p1a: Baxcalibur\n|-unboost|p1b: Palafin|atk|1\n|turn|1\n|\n|t:|1681683379\n|detailschange|p1b: Palafin|Palafin-Hero, L50, M, shiny\n|switch|p1b: Arcanine|Arcanine, L50, F|100\/100\n|-ability|p1b: Arcanine|Intimidate|boost\n|-unboost|p2a: If you wanna|atk|1\n|-unboost|p2b: See some action|atk|1\n|move|p1a: Baxcalibur|Protect|p1a: Baxcalibur\n|-singleturn|p1a: Baxcalibur|Protect\n|move|p2b: See some action|Rage Powder|p2b: See some action\n|-singleturn|p2b: See some action|move: Rage Powder\n|move|p2a: If you wanna|Thunder Wave|p1b: Arcanine\n|-status|p1b: Arcanine|par\n|\n|upkeep\n|turn|2\n|inactive|DaWoblefet has 30 seconds left.\n|inactive|Privnoval016 has 30 seconds left.\n|inactive|DaWoblefet has 20 seconds left.\n|\n|t:|1681683418\n|move|p2b: See some action|Protect|p2b: See some action\n|-singleturn|p2b: See some action|Protect\n|move|p2a: If you wanna|Thunder Wave|p1a: Baxcalibur\n|-status|p1a: Baxcalibur|par\n|cant|p1b: Arcanine|par\n|move|p1a: Baxcalibur|Icicle Crash|p2b: See some action\n|-activate|p2b: See some action|move: Protect\n|\n|upkeep\n|turn|3\n|j| Tameryn\n|inactive|Privnoval016 has 30 seconds left.\n|\n|t:|1681683445\n|move|p2b: See some action|Rage Powder|p2b: See some action\n|-singleturn|p2b: See some action|move: Rage Powder\n|move|p2a: If you wanna|Waterfall|p1b: Arcanine\n|-supereffective|p1b: Arcanine\n|-damage|p1b: Arcanine|40\/100 par\n|move|p1b: Arcanine|Will-O-Wisp|p2a: If you wanna\n|-status|p2a: If you wanna|brn\n|move|p1a: Baxcalibur|Icicle Crash|p2b: See some action\n|-supereffective|p2b: See some action\n|-damage|p2b: See some action|11\/100\n|\n|-damage|p2a: If you wanna|94\/100 brn|[from] brn\n|upkeep\n|turn|4\n|l| Tameryn\n|inactive|Privnoval016 has 30 seconds left.\n|\n|t:|1681683474\n|switch|p1b: Palafin|Palafin-Hero, L50, M, shiny|100\/100\n|-activate|p1b: Palafin|ability: Zero to Hero\n|move|p2b: See some action|Rage Powder|p2b: See some action\n|-singleturn|p2b: See some action|move: Rage Powder\n|move|p2a: If you wanna|Iron Head|p1a: Baxcalibur\n|-supereffective|p1a: Baxcalibur\n|-damage|p1a: Baxcalibur|83\/100 par\n|move|p1a: Baxcalibur|Icicle Crash|p2b: See some action\n|-supereffective|p2b: See some action\n|-damage|p2b: See some action|0 fnt\n|faint|p2b: See some action\n|\n|-damage|p2a: If you wanna|88\/100 brn|[from] brn\n|upkeep\n|inactive|Privnoval016 has 30 seconds left.\n|\n|t:|1681683501\n|switch|p2b: OF ATTRACTION|Chi-Yu, L50|100\/100\n|-ability|p2b: OF ATTRACTION|Beads of Ruin\n|turn|5\n|\n|t:|1681683523\n|move|p2b: OF ATTRACTION|Protect|p2b: OF ATTRACTION\n|-singleturn|p2b: OF ATTRACTION|Protect\n|move|p1b: Palafin|Protect|p1b: Palafin\n|-singleturn|p1b: Palafin|Protect\n|move|p2a: If you wanna|Thunder Wave|p1b: Palafin\n|-activate|p1b: Palafin|move: Protect\n|move|p1a: Baxcalibur|Glaive Rush|p2a: If you wanna\n|-damage|p2a: If you wanna|0 fnt\n|-singlemove|p1a: Baxcalibur|Glaive Rush|[silent]\n|faint|p2a: If you wanna\n|\n|upkeep\n|\n|t:|1681683533\n|switch|p2a: Gotta be center|Flutter Mane, L50|100\/100\n|turn|6\n|l| CampBellford\n|inactive|Privnoval016 has 30 seconds left.\n|l| heyemoboy\n|inactive|Privnoval016 has 20 seconds left.\n|inactive|Privnoval016 has 15 seconds left.\n|inactive|Privnoval016 has 10 seconds left.\n|\n|t:|1681683579\n|-terastallize|p2a: Gotta be center|Fairy\n|move|p1b: Palafin|Jet Punch|p2a: Gotta be center\n|-damage|p2a: Gotta be center|0 fnt\n|faint|p2a: Gotta be center\n|-end|p2a: Gotta be center|Protosynthesis|[silent]\n|move|p1a: Baxcalibur|Ice Shard|p2b: OF ATTRACTION\n|-resisted|p2b: OF ATTRACTION\n|-damage|p2b: OF ATTRACTION|80\/100\n|move|p2b: OF ATTRACTION|Heat Wave|p1a: Baxcalibur|[spread] p1a,p1b\n|-resisted|p1b: Palafin\n|-damage|p1a: Baxcalibur|37\/100 par\n|-damage|p1b: Palafin|74\/100\n|-ability|p1a: Baxcalibur|Thermal Exchange|boost\n|-boost|p1a: Baxcalibur|atk|1\n|\n|upkeep\n|turn|7\n|c|\u2606DaWoblefet|needs more full paras imo\n|c|\u2606Privnoval016|fr\n|c|\u2606Privnoval016|ggs\n|inactive|Privnoval016 has 30 seconds left.\n|\n|t:|1681683605\n|move|p1b: Palafin|Jet Punch|p2b: OF ATTRACTION\n|-supereffective|p2b: OF ATTRACTION\n|-damage|p2b: OF ATTRACTION|0 fnt\n|faint|p2b: OF ATTRACTION\n|\n|win|DaWoblefet\n|n|\u2606DaWoblefet|dawoblefet\n|n|\u2606Privnoval016|privnoval016\n|n| That_Leek|thatleek\n|n| DaGreedent+|dagreedent\n|l|\u2606Privnoval016\n|c|\u2606DaWoblefet|oh, did we play before?\n|c|\u2606DaWoblefet|gg\n|l|\u2606DaWoblefet\n|l| DaGreedent+\n|l| That_Leek\n|j| MajorStar\n|j| TheJJSilvaVGC\n|l| TheJJSilvaVGC\n|j| That_Leek\n","uploadtime":1681683829,"views":12,"p1id":"dawoblefet","p2id":"privnoval016","formatid":"gen9vgc2023regulationc","rating":0,"private":0,"password":""}