{"id":"gen9vgc2023regulationc-1860130245","p1":"P OMEGALUL L","p2":"Tic-Tac-Toe Guru","format":"[Gen 9] VGC 2023 Regulation C","log":"|j|\u2606P OMEGALUL L\n|j|\u2606Tic-Tac-Toe Guru\n|t:|1683598800\n|gametype|doubles\n|player|p1|P OMEGALUL L|2|\n|player|p2|Tic-Tac-Toe Guru|rood|\n|teamsize|p1|6\n|teamsize|p2|6\n|gen|9\n|tier|[Gen 9] VGC 2023 Regulation C\n|rated|Tournament battle\n|rule|Species Clause: Limit one of each Pok\u00e9mon\n|rule|Item Clause: Limit one of each item\n|clearpoke\n|poke|p1|Iron Bundle, L50|\n|poke|p1|Abomasnow, L50, M|\n|poke|p1|Annihilape, L50, F|\n|poke|p1|Maushold-Four, L50|\n|poke|p1|Ting-Lu, L50|\n|poke|p1|Great Tusk, L50|\n|poke|p2|Roaring Moon, L50|\n|poke|p2|Chien-Pao, L50|\n|poke|p2|Flutter Mane, L50|\n|poke|p2|Arcanine, L50, F|\n|poke|p2|Baxcalibur, L50, M|\n|poke|p2|Amoonguss, L50, M|\n|teampreview|4\n|raw| Open Team Sheet for P OMEGALUL L<\/summary>Iron Bundle @ Booster Energy Ability: Quark Drive Level: 50 Tera Type: Ice - Blizzard - Hydro Pump - Aurora Veil - Protect Abomasnow @ Focus Sash Ability: Snow Warning Level: 50 Tera Type: Water - Blizzard - Energy Ball - Aurora Veil - Protect Annihilape @ Leftovers Ability: Defiant Level: 50 Tera Type: Fire - Rage Fist - Drain Punch - Bulk Up - Protect Maushold (Maushold-Four) @ Safety Goggles Ability: Friend Guard Level: 50 Tera Type: Ghost - Super Fang - Follow Me - Beat Up - Protect Ting-Lu @ Assault Vest Ability: Vessel of Ruin Level: 50 Tera Type: Grass - Stomping Tantrum - Heavy Slam - Payback - Ruination Great Tusk @ Choice Scarf Ability: Protosynthesis Level: 50 Hidden Power: Fighting Tera Type: Ground - Headlong Rush - Close Combat - Earthquake - Rock Slide <\/details><\/div> Open Team Sheet for Tic-Tac-Toe Guru<\/summary>Roaring Moon @ Booster Energy Ability: Protosynthesis Level: 50 Tera Type: Flying - Tailwind - Breaking Swipe - Acrobatics - Protect Chien-Pao @ Focus Sash Ability: Sword of Ruin Level: 50 Tera Type: Dark - Ice Spinner - Sucker Punch - Haze - Protect Flutter Mane @ Choice Specs Ability: Protosynthesis Level: 50 Tera Type: Fairy - Dazzling Gleam - Moonblast - Shadow Ball - Thunderbolt Arcanine @ Safety Goggles Ability: Intimidate Level: 50 Tera Type: Water - Flare Blitz - Extreme Speed - Protect - Howl Baxcalibur @ Loaded Dice Ability: Thermal Exchange Level: 50 Tera Type: Steel - Dragon Dance - Icicle Spear - Glaive Rush - Protect Amoonguss @ Rocky Helmet Ability: Regenerator Level: 50 Tera Type: Water - Rage Powder - Pollen Puff - Spore - Protect <\/details><\/div>\n|inactive|Battle timer is ON: inactive players will automatically lose when time's up. (requested by P OMEGALUL L)\n|inactive|P OMEGALUL L has 60 seconds left.\n|\n|t:|1683598843\n|start\n|switch|p1a: Maushold|Maushold-Four, L50|100\/100\n|switch|p1b: Annihilape|Annihilape, L50, F|100\/100\n|switch|p2a: Roaring Moon|Roaring Moon, L50|100\/100\n|switch|p2b: Flutter Mane|Flutter Mane, L50|100\/100\n|-enditem|p2a: Roaring Moon|Booster Energy\n|-activate|p2a: Roaring Moon|ability: Protosynthesis|[fromitem]\n|-start|p2a: Roaring Moon|protosynthesisspe\n|turn|1\n|inactive|Tic-Tac-Toe Guru has 30 seconds left.\n|inactive|Tic-Tac-Toe Guru has 20 seconds left.\n|\n|t:|1683598880\n|-end|p2b: Flutter Mane|Protosynthesis|[silent]\n|switch|p2b: Chien-Pao|Chien-Pao, L50|100\/100\n|-ability|p2b: Chien-Pao|Sword of Ruin\n|-terastallize|p2a: Roaring Moon|Flying\n|-terastallize|p1b: Annihilape|Fire\n|move|p1a: Maushold|Protect|p1a: Maushold\n|-singleturn|p1a: Maushold|Protect\n|move|p2a: Roaring Moon|Acrobatics|p1b: Annihilape\n|-damage|p1b: Annihilape|47\/100\n|move|p1b: Annihilape|Bulk Up|p1b: Annihilape\n|-boost|p1b: Annihilape|atk|1\n|-boost|p1b: Annihilape|def|1\n|\n|-heal|p1b: Annihilape|53\/100|[from] item: Leftovers\n|upkeep\n|turn|2\n|inactive|P OMEGALUL L has 30 seconds left.\n|inactive|Tic-Tac-Toe Guru has 30 seconds left.\n|\n|t:|1683598910\n|move|p1a: Maushold|Follow Me|p1a: Maushold\n|-singleturn|p1a: Maushold|move: Follow Me\n|move|p2a: Roaring Moon|Breaking Swipe|p1b: Annihilape|[spread] p1a,p1b\n|-damage|p1a: Maushold|68\/100\n|-damage|p1b: Annihilape|38\/100\n|-unboost|p1a: Maushold|atk|1\n|-unboost|p1b: Annihilape|atk|1\n|-ability|p1b: Annihilape|Defiant|boost\n|-boost|p1b: Annihilape|atk|2\n|move|p2b: Chien-Pao|Haze|p2b: Chien-Pao\n|-clearallboost\n|move|p1b: Annihilape|Drain Punch|p2b: Chien-Pao\n|-supereffective|p2b: Chien-Pao\n|-enditem|p2b: Chien-Pao|Focus Sash\n|-damage|p2b: Chien-Pao|1\/100\n|-heal|p1b: Annihilape|75\/100|[from] drain|[of] p2b: Chien-Pao\n|\n|-heal|p1b: Annihilape|81\/100|[from] item: Leftovers\n|upkeep\n|turn|3\n|inactive|P OMEGALUL L has 30 seconds left.\n|\n|t:|1683598942\n|move|p2b: Chien-Pao|Protect|p2b: Chien-Pao\n|-singleturn|p2b: Chien-Pao|Protect\n|move|p1a: Maushold|Protect|p1a: Maushold\n|-singleturn|p1a: Maushold|Protect\n|move|p2a: Roaring Moon|Acrobatics|p1a: Maushold\n|-activate|p1a: Maushold|move: Protect\n|move|p1b: Annihilape|Rage Fist|p2a: Roaring Moon\n|-damage|p2a: Roaring Moon|0 fnt\n|faint|p2a: Roaring Moon\n|-end|p2a: Roaring Moon|Protosynthesis|[silent]\n|\n|-heal|p1b: Annihilape|88\/100|[from] item: Leftovers\n|upkeep\n|\n|t:|1683598953\n|switch|p2a: Flutter Mane|Flutter Mane, L50|100\/100\n|turn|4\n|\n|t:|1683598978\n|move|p1a: Maushold|Follow Me|p1a: Maushold\n|-singleturn|p1a: Maushold|move: Follow Me\n|move|p2b: Chien-Pao|Ice Spinner|p1a: Maushold\n|-damage|p1a: Maushold|20\/100\n|move|p2a: Flutter Mane|Shadow Ball|p1a: Maushold\n|-immune|p1a: Maushold\n|move|p1b: Annihilape|Rage Fist|p2a: Flutter Mane\n|-supereffective|p2a: Flutter Mane\n|-damage|p2a: Flutter Mane|0 fnt\n|faint|p2a: Flutter Mane\n|-end|p2a: Flutter Mane|Protosynthesis|[silent]\n|\n|-heal|p1b: Annihilape|94\/100|[from] item: Leftovers\n|upkeep\n|\n|t:|1683598985\n|switch|p2a: Arcanine|Arcanine, L50, F|100\/100\n|-ability|p2a: Arcanine|Intimidate|boost\n|-unboost|p1a: Maushold|atk|1\n|-unboost|p1b: Annihilape|atk|1\n|-ability|p1b: Annihilape|Defiant|boost\n|-boost|p1b: Annihilape|atk|2\n|turn|5\n|-message|Tic-Tac-Toe Guru forfeited.\n|\n|win|P OMEGALUL L\n|n|\u2606P OMEGALUL L|pomegalull\n|n|\u2606Tic-Tac-Toe Guru|tictactoeguru\n|l|\u2606Tic-Tac-Toe Guru\n","uploadtime":1683598996,"views":7,"p1id":"pomegalull","p2id":"tictactoeguru","formatid":"gen9vgc2023regulationc","rating":0,"private":0,"password":""}