{"id":"gen9vgc2023regulationc-1852373651","p1":"Renan 26","p2":"coolsword16","format":"[Gen 9] VGC 2023 Regulation C","log":"|j|\u2606Renan 26\n|j|\u2606coolsword16\n|t:|1682549687\n|gametype|doubles\n|player|p1|Renan 26|grimsley|1257\n|player|p2|coolsword16|2|1239\n|teamsize|p1|6\n|teamsize|p2|6\n|gen|9\n|tier|[Gen 9] VGC 2023 Regulation C\n|rated|\n|rule|Species Clause: Limit one of each Pok\u00e9mon\n|rule|Item Clause: Limit one of each item\n|clearpoke\n|poke|p1|Jumpluff, L50, F|\n|poke|p1|Flutter Mane, L50|\n|poke|p1|Torkoal, L50, F|\n|poke|p1|Chien-Pao, L50|\n|poke|p1|Great Tusk, L50|\n|poke|p1|Kingambit, L50, M|\n|poke|p2|Farigiraf, L50, F|\n|poke|p2|Hariyama, L50, F|\n|poke|p2|Dragonite, L50, F|\n|poke|p2|Tsareena, L50, F|\n|poke|p2|Azumarill, L50, F|\n|poke|p2|Slither Wing, L50|\n|teampreview|4\n|inactive|Battle timer is ON: inactive players will automatically lose when time's up. (requested by coolsword16)\n|\n|t:|1682549738\n|start\n|switch|p1a: Overlorde Supremo|Kingambit, L50, M|100\/100\n|switch|p1b: Ougway|Torkoal, L50, F|100\/100\n|switch|p2a: Suki|Hariyama, L50, F|100\/100\n|switch|p2b: Ol' Bessie|Slither Wing, L50|100\/100\n|-weather|SunnyDay|[from] ability: Drought|[of] p1b: Ougway\n|-activate|p2b: Ol' Bessie|ability: Protosynthesis\n|-start|p2b: Ol' Bessie|protosynthesisatk\n|turn|1\n|inactive|Renan 26 has 30 seconds left.\n|inactive|Renan 26 has 20 seconds left.\n|\n|t:|1682549776\n|-terastallize|p1a: Overlorde Supremo|Fire\n|move|p2a: Suki|Fake Out|p1b: Ougway\n|-damage|p1b: Ougway|89\/100\n|move|p2b: Ol' Bessie|First Impression|p1a: Overlorde Supremo\n|-resisted|p1a: Overlorde Supremo\n|-damage|p1a: Overlorde Supremo|74\/100\n|move|p1a: Overlorde Supremo|Iron Head|p2b: Ol' Bessie\n|-damage|p2b: Ol' Bessie|46\/100\n|cant|p1b: Ougway|flinch\n|\n|-weather|SunnyDay|[upkeep]\n|-status|p2a: Suki|brn|[from] item: Flame Orb\n|upkeep\n|turn|2\n|\n|t:|1682549801\n|move|p2b: Ol' Bessie|Brick Break|p1b: Ougway\n|-damage|p1b: Ougway|41\/100\n|move|p1a: Overlorde Supremo|Tera Blast|p2b: Ol' Bessie\n|-supereffective|p2b: Ol' Bessie\n|-damage|p2b: Ol' Bessie|0 fnt\n|faint|p2b: Ol' Bessie\n|-end|p2b: Ol' Bessie|Protosynthesis|[silent]\n|move|p2a: Suki|Close Combat|p1a: Overlorde Supremo\n|-damage|p1a: Overlorde Supremo|0 fnt\n|-unboost|p2a: Suki|def|1\n|-unboost|p2a: Suki|spd|1\n|faint|p1a: Overlorde Supremo\n|move|p1b: Ougway|Overheat|p2a: Suki\n|-damage|p2a: Suki|0 fnt\n|-unboost|p1b: Ougway|spa|2\n|-enditem|p1b: Ougway|Eject Pack\n|faint|p2a: Suki\n|\n|t:|1682549819\n|switch|p1b: Many|Great Tusk, L50|100\/100\n|-activate|p1b: Many|ability: Protosynthesis\n|-start|p1b: Many|protosynthesisatk\n|\n|-weather|SunnyDay|[upkeep]\n|upkeep\n|\n|t:|1682549829\n|switch|p2b: Big Bertha|Dragonite, L50, F|100\/100\n|switch|p1a: O Rei dos Reis|Chien-Pao, L50|100\/100\n|switch|p2a: Rosa|Tsareena, L50, F|100\/100\n|-ability|p1a: O Rei dos Reis|Sword of Ruin\n|turn|3\n|inactive|Renan 26 has 30 seconds left.\n|\n|t:|1682549856\n|-terastallize|p2b: Big Bertha|Normal\n|move|p2b: Big Bertha|Extreme Speed|p1a: O Rei dos Reis\n|-damage|p1a: O Rei dos Reis|40\/100\n|move|p1b: Many|Rock Slide|p2a: Rosa|[spread] p2a,p2b\n|-damage|p2a: Rosa|66\/100\n|-damage|p2b: Big Bertha|82\/100\n|move|p1a: O Rei dos Reis|Ice Spinner|p2a: Rosa\n|-supereffective|p2a: Rosa\n|-damage|p2a: Rosa|0 fnt\n|faint|p2a: Rosa\n|\n|-weather|SunnyDay|[upkeep]\n|upkeep\n|turn|4\n|-message|coolsword16 forfeited.\n|\n|win|Renan 26\n|raw|Renan 26's rating: 1257 → 1281<\/strong> (+24 for winning)\n|raw|coolsword16's rating: 1239 → 1215<\/strong> (-24 for losing)\n|l|\u2606coolsword16\n","uploadtime":1682549948,"views":10,"p1id":"renan26","p2id":"coolsword16","formatid":"gen9vgc2023regulationc","rating":1215,"private":0,"password":""}