{"id":"gen9vgc2023regulationc-1852490172","p1":"Schwbrett","p2":"Gholdjunge","format":"[Gen 9] VGC 2023 Regulation C","log":"|j|\u2606Schwbrett\n|j|\u2606Gholdjunge\n|t:|1682564398\n|gametype|doubles\n|player|p1|Schwbrett|170|1619\n|player|p2|Gholdjunge|youngster-gen2|1600\n|teamsize|p1|6\n|teamsize|p2|6\n|gen|9\n|tier|[Gen 9] VGC 2023 Regulation C\n|rated|\n|rule|Species Clause: Limit one of each Pok\u00e9mon\n|rule|Item Clause: Limit one of each item\n|clearpoke\n|poke|p1|Dondozo, L50, M|\n|poke|p1|Tatsugiri-Droopy, L50, F|\n|poke|p1|Pelipper, L50, F|\n|poke|p1|Drednaw, L50, M|\n|poke|p1|Dragonite, L50, F|\n|poke|p1|Rotom-Wash, L50|\n|poke|p2|Azumarill, L50, F|\n|poke|p2|Pelipper, L50, M|\n|poke|p2|Chien-Pao, L50|\n|poke|p2|Amoonguss, L50, M|\n|poke|p2|Iron Hands, L50|\n|poke|p2|Flutter Mane, L50|\n|teampreview|4\n|j| RustyAdmiral\n|\n|t:|1682564465\n|start\n|switch|p1a: Dragonite|Dragonite, L50, F|100\/100\n|switch|p1b: Pelipper|Pelipper, L50, F|100\/100\n|switch|p2a: Amoonguss|Amoonguss, L50, M|100\/100\n|switch|p2b: Chien-Pao|Chien-Pao, L50|100\/100\n|-ability|p2b: Chien-Pao|Sword of Ruin\n|-weather|RainDance|[from] ability: Drizzle|[of] p1b: Pelipper\n|turn|1\n|j| wrrrrr\n|\n|t:|1682564533\n|-terastallize|p2b: Chien-Pao|Ghost\n|-terastallize|p1a: Dragonite|Steel\n|move|p2a: Amoonguss|Protect|p2a: Amoonguss\n|-singleturn|p2a: Amoonguss|Protect\n|move|p2b: Chien-Pao|Ice Spinner|p1a: Dragonite\n|-resisted|p1a: Dragonite\n|-damage|p1a: Dragonite|88\/100\n|move|p1a: Dragonite|Iron Head|p2b: Chien-Pao\n|-damage|p2b: Chien-Pao|31\/100\n|move|p1b: Pelipper|Hurricane|p2b: Chien-Pao\n|-damage|p2b: Chien-Pao|0 fnt\n|faint|p2b: Chien-Pao\n|\n|-weather|RainDance|[upkeep]\n|upkeep\n|\n|t:|1682564565\n|switch|p2b: Pelipper|Pelipper, L50, M|100\/100\n|turn|2\n|\n|t:|1682564618\n|move|p1a: Dragonite|Aerial Ace|p2a: Amoonguss\n|-supereffective|p2a: Amoonguss\n|-damage|p2a: Amoonguss|42\/100\n|move|p2b: Pelipper|Hurricane|p1b: Pelipper\n|-damage|p1b: Pelipper|39\/100\n|move|p1b: Pelipper|Tailwind|p1b: Pelipper\n|-sidestart|p1: Schwbrett|move: Tailwind\n|move|p2a: Amoonguss|Spore|p1a: Dragonite\n|-activate|p1a: Dragonite|item: Safety Goggles|Spore\n|\n|-weather|RainDance|[upkeep]\n|upkeep\n|turn|3\n|\n|t:|1682564644\n|switch|p2a: Flutter Mane|Flutter Mane, L50|100\/100\n|move|p1a: Dragonite|Aerial Ace|p2a: Flutter Mane\n|-damage|p2a: Flutter Mane|47\/100\n|move|p1b: Pelipper|Hurricane|p2b: Pelipper\n|-damage|p2b: Pelipper|44\/100\n|-enditem|p2b: Pelipper|Sitrus Berry|[eat]\n|-heal|p2b: Pelipper|69\/100|[from] item: Sitrus Berry\n|move|p2b: Pelipper|Tailwind|p2b: Pelipper\n|-sidestart|p2: Gholdjunge|move: Tailwind\n|\n|-weather|RainDance|[upkeep]\n|upkeep\n|turn|4\n|\n|t:|1682564679\n|move|p2b: Pelipper|Helping Hand|p2a: Flutter Mane\n|-singleturn|p2a: Flutter Mane|Helping Hand|[of] p2b: Pelipper\n|move|p1b: Pelipper|Protect|p1b: Pelipper\n|-singleturn|p1b: Pelipper|Protect\n|move|p2a: Flutter Mane|Shadow Ball|p1a: Dragonite\n|-damage|p1a: Dragonite|3\/100\n|move|p1a: Dragonite|Iron Head|p2a: Flutter Mane\n|-supereffective|p2a: Flutter Mane\n|-damage|p2a: Flutter Mane|0 fnt\n|faint|p2a: Flutter Mane\n|-end|p2a: Flutter Mane|Protosynthesis|[silent]\n|\n|-weather|RainDance|[upkeep]\n|upkeep\n|l| wrrrrr\n|c|\u2606Gholdjunge|Gg\n|-message|Gholdjunge forfeited.\n|\n|win|Schwbrett\n|raw|Schwbrett's rating: 1619 → 1638<\/strong> (+19 for winning)\n|raw|Gholdjunge's rating: 1600 → 1581<\/strong> (-19 for losing)\n","uploadtime":1682564715,"views":15,"p1id":"schwbrett","p2id":"gholdjunge","formatid":"gen9vgc2023regulationc","rating":1581,"private":0,"password":""}