{"id":"gen9vgc2023regulationc-1856158499","p1":"BlindMagneton","p2":"CanadianBac0n","format":"[Gen 9] VGC 2023 Regulation C","log":"|j|\u2606BlindMagneton\n|j|\u2606CanadianBac0n\n|t:|1683036092\n|gametype|doubles\n|player|p1|BlindMagneton|169|1197\n|player|p2|CanadianBac0n|169|1209\n|teamsize|p1|6\n|teamsize|p2|6\n|gen|9\n|tier|[Gen 9] VGC 2023 Regulation C\n|rated|\n|rule|Species Clause: Limit one of each Pok\u00e9mon\n|rule|Item Clause: Limit one of each item\n|clearpoke\n|poke|p1|Iron Bundle, L50|\n|poke|p1|Sandy Shocks, L50|\n|poke|p1|Pelipper, L50, F|\n|poke|p1|Scizor, L50, M|\n|poke|p1|Gastrodon, L50, F|\n|poke|p1|Veluza, L50, F|\n|poke|p2|Dachsbun, L50, F|\n|poke|p2|Ceruledge, L50, M|\n|poke|p2|Dragapult, L50, M|\n|poke|p2|Iron Moth, L50|\n|poke|p2|Flutter Mane, L50|\n|poke|p2|Chi-Yu, L50|\n|teampreview|4\n|inactive|Battle timer is ON: inactive players will automatically lose when time's up. (requested by CanadianBac0n)\n|\n|t:|1683036144\n|start\n|switch|p1a: Sandy Shocks|Sandy Shocks, L50|100\/100\n|switch|p1b: Iron Bundle|Iron Bundle, L50|100\/100\n|switch|p2a: Dachsbun|Dachsbun, L50, F|100\/100\n|switch|p2b: Ceruledge|Ceruledge, L50, M|100\/100\n|-enditem|p1a: Sandy Shocks|Booster Energy\n|-activate|p1a: Sandy Shocks|ability: Protosynthesis|[fromitem]\n|-start|p1a: Sandy Shocks|protosynthesisspe\n|turn|1\n|inactive|BlindMagneton has 30 seconds left.\n|inactive|CanadianBac0n has 30 seconds left.\n|\n|t:|1683036177\n|-terastallize|p1b: Iron Bundle|Water\n|move|p1a: Sandy Shocks|Gravity|p1a: Sandy Shocks\n|-fieldstart|move: Gravity\n|move|p1b: Iron Bundle|Hydro Pump|p2a: Dachsbun\n|-damage|p2a: Dachsbun|0 fnt\n|faint|p2a: Dachsbun\n|move|p2b: Ceruledge|Lava Plume|p1b: Iron Bundle|[spread] p1a,p1b\n|-resisted|p1b: Iron Bundle\n|-damage|p1a: Sandy Shocks|85\/100\n|-damage|p1b: Iron Bundle|88\/100\n|\n|upkeep\n|\n|t:|1683036190\n|switch|p2a: Dragapult|Dragapult, L50, M, shiny|100\/100\n|turn|2\n|\n|t:|1683036207\n|-terastallize|p2a: Dragapult|Ghost\n|move|p1a: Sandy Shocks|Electric Terrain|p1a: Sandy Shocks\n|-fieldstart|move: Electric Terrain\n|-activate|p1b: Iron Bundle|ability: Quark Drive\n|-start|p1b: Iron Bundle|quarkdrivespe\n|move|p1b: Iron Bundle|Hydro Pump|p2a: Dragapult\n|-damage|p2a: Dragapult|0 fnt\n|faint|p2a: Dragapult\n|move|p2b: Ceruledge|Swords Dance|p2b: Ceruledge\n|-boost|p2b: Ceruledge|atk|2\n|\n|upkeep\n|\n|t:|1683036217\n|switch|p2a: Flutter Mane|Flutter Mane, L50|100\/100\n|turn|3\n|\n|t:|1683036238\n|move|p2a: Flutter Mane|Protect|p2a: Flutter Mane\n|-singleturn|p2a: Flutter Mane|Protect\n|move|p1b: Iron Bundle|Hydro Pump|p2a: Flutter Mane\n|-activate|p2a: Flutter Mane|move: Protect\n|move|p1a: Sandy Shocks|Earth Power|p2b: Ceruledge\n|-supereffective|p2b: Ceruledge\n|-crit|p2b: Ceruledge\n|-enditem|p2b: Ceruledge|Focus Sash\n|-damage|p2b: Ceruledge|1\/100\n|move|p2b: Ceruledge|Bitter Blade|p1a: Sandy Shocks\n|-damage|p1a: Sandy Shocks|0 fnt\n|-heal|p2b: Ceruledge|46\/100|[from] drain|[of] p1a: Sandy Shocks\n|faint|p1a: Sandy Shocks\n|-end|p1a: Sandy Shocks|Protosynthesis|[silent]\n|\n|upkeep\n|\n|t:|1683036252\n|switch|p1a: Scizor|Scizor, L50, M|100\/100\n|turn|4\n|\n|t:|1683036269\n|move|p1a: Scizor|Bullet Punch|p2a: Flutter Mane\n|-supereffective|p2a: Flutter Mane\n|-damage|p2a: Flutter Mane|0 fnt\n|faint|p2a: Flutter Mane\n|-end|p2a: Flutter Mane|Protosynthesis|[silent]\n|-damage|p1a: Scizor|91\/100|[from] item: Life Orb\n|move|p1b: Iron Bundle|Hydro Pump|p2b: Ceruledge\n|-supereffective|p2b: Ceruledge\n|-damage|p2b: Ceruledge|0 fnt\n|faint|p2b: Ceruledge\n|\n|win|BlindMagneton\n|raw|BlindMagneton's rating: 1197 → 1225<\/strong> (+28 for winning)\n|raw|CanadianBac0n's rating: 1239 → 1211<\/strong> (-28 for losing)\n|l|\u2606CanadianBac0n\n","uploadtime":1683036282,"views":5,"p1id":"blindmagneton","p2id":"canadianbac0n","formatid":"gen9vgc2023regulationc","rating":1211,"private":0,"password":""}