{"id":"gen9vgc2023regulationc-1857500712","p1":"pokemon homo","p2":"Uahhhh","format":"[Gen 9] VGC 2023 Regulation C","log":"|j|\u2606pokemon homo\n|j|\u2606Uahhhh\n|t:|1683202123\n|gametype|doubles\n|player|p1|pokemon homo|rosa|\n|player|p2|Uahhhh|266|\n|teamsize|p1|6\n|teamsize|p2|6\n|gen|9\n|tier|[Gen 9] VGC 2023 Regulation C\n|rule|Species Clause: Limit one of each Pok\u00e9mon\n|rule|Item Clause: Limit one of each item\n|clearpoke\n|poke|p1|Chien-Pao, L50|\n|poke|p1|Dragonite, L50, F|\n|poke|p1|Ting-Lu, L50|\n|poke|p1|Gyarados, L50, M|\n|poke|p1|Flutter Mane, L50|\n|poke|p1|Amoonguss, L50, F|\n|poke|p2|Chi-Yu, L50|\n|poke|p2|Great Tusk, L50|\n|poke|p2|Iron Bundle, L50|\n|poke|p2|Gholdengo, L50|\n|poke|p2|Murkrow, L50, M|\n|poke|p2|Abomasnow, L50, F|\n|teampreview|4\nUahhhh has agreed to open team sheets.\npokemon homo has agreed to open team sheets.\n|inactive|Battle timer is ON: inactive players will automatically lose when time's up. (requested by Uahhhh)\n|j| Naiyaya\n|j| 99jiuli\n|c| 99jiuli|\u51b2\u9e2d\u51b2\u9e2d\n|c| Naiyaya|\u51b2\u51b2\u51b2\n|inactive|pokemon homo has 60 seconds left.\n|inactive|Uahhhh has 60 seconds left.\n|l| Naiyaya\n|j| Naiyaya\n|\n|t:|1683202190\n|start\n|switch|p1a: Dragonite|Dragonite, L50, F|100\/100\n|switch|p1b: Chien-Pao|Chien-Pao, L50|100\/100\n|switch|p2a: Abomasnow|Abomasnow, L50, F, shiny|100\/100\n|switch|p2b: Gholdengo|Gholdengo, L50|100\/100\n|-ability|p1b: Chien-Pao|Sword of Ruin\n|-weather|Snow|[from] ability: Snow Warning|[of] p2a: Abomasnow\n|turn|1\n|inactive|pokemon homo has 30 seconds left.\n|inactive|Uahhhh has 30 seconds left.\n|inactive|pokemon homo has 20 seconds left.\n|inactive|pokemon homo has 15 seconds left.\n|inactive|pokemon homo has 10 seconds left.\n|\n|t:|1683202238\n|move|p1b: Chien-Pao|Sacred Sword|p2a: Abomasnow\n|-supereffective|p2a: Abomasnow\n|-damage|p2a: Abomasnow|47\/100\n|move|p2b: Gholdengo|Nasty Plot|p2b: Gholdengo\n|-boost|p2b: Gholdengo|spa|2\n|move|p1a: Dragonite|Aerial Ace|p2a: Abomasnow\n|-supereffective|p2a: Abomasnow\n|-damage|p2a: Abomasnow|0 fnt\n|faint|p2a: Abomasnow\n|\n|-weather|Snow|[upkeep]\n|upkeep\n|\n|t:|1683202255\n|switch|p2a: Murkrow|Murkrow, L50, M|100\/100\n|turn|2\n|inactive|pokemon homo has 30 seconds left.\n|c| Naiyaya|\u5f00\u4e2a\u987a\u98ce\u662f\u4e0d\u662f\u5c0f\u91d1\u4eba\u6740\u7a7f\u4e86\n|inactive|pokemon homo has 20 seconds left.\n|inactive|pokemon homo has 15 seconds left.\n|\n|t:|1683202299\n|switch|p1a: Ting-Lu|Ting-Lu, L50|100\/100\n|-ability|p1a: Ting-Lu|Vessel of Ruin\n|move|p1b: Chien-Pao|Ice Spinner|p2a: Murkrow\n|-supereffective|p2a: Murkrow\n|-damage|p2a: Murkrow|0 fnt\n|faint|p2a: Murkrow\n|move|p2b: Gholdengo|Nasty Plot|p2b: Gholdengo\n|-boost|p2b: Gholdengo|spa|2\n|\n|-weather|Snow|[upkeep]\n|upkeep\n|\n|t:|1683202310\n|switch|p2a: Liyuu|Chi-Yu, L50|100\/100\n|-ability|p2a: Liyuu|Beads of Ruin\n|turn|3\n|l| Naiyaya\n|\n|t:|1683202333\n|-terastallize|p2a: Liyuu|Fire\n|move|p1b: Chien-Pao|Sacred Sword|p2a: Liyuu\n|-damage|p2a: Liyuu|52\/100\n|move|p2a: Liyuu|Heat Wave|p1b: Chien-Pao|[spread] p1a,p1b\n|-supereffective|p1b: Chien-Pao\n|-damage|p1a: Ting-Lu|60\/100\n|-enditem|p1b: Chien-Pao|Focus Sash\n|-damage|p1b: Chien-Pao|1\/100\n|-status|p1a: Ting-Lu|brn\n|move|p2b: Gholdengo|Make It Rain|p1a: Ting-Lu|[spread] p1a,p1b\n|-supereffective|p1b: Chien-Pao\n|-damage|p1a: Ting-Lu|0 fnt\n|-damage|p1b: Chien-Pao|0 fnt\n|-unboost|p2b: Gholdengo|spa|1\n|faint|p1a: Ting-Lu\n|faint|p1b: Chien-Pao\n|\n|-weather|Snow|[upkeep]\n|upkeep\n|j| frimaire21\n|\n|t:|1683202343\n|switch|p1b: Dragonite|Dragonite, L50, F|100\/100\n|switch|p1a: Flutter Mane|Flutter Mane, L50|100\/100\n|-enditem|p1a: Flutter Mane|Booster Energy\n|-activate|p1a: Flutter Mane|ability: Protosynthesis|[fromitem]\n|-start|p1a: Flutter Mane|protosynthesisspa\n|turn|4\n|l| frimaire21\n|j| frimaire21\n|\n|t:|1683202357\n|-terastallize|p1b: Dragonite|Normal\n|move|p1b: Dragonite|Extreme Speed|p2a: Liyuu\n|-damage|p2a: Liyuu|0 fnt\n|faint|p2a: Liyuu\n|move|p1a: Flutter Mane|Shadow Ball|p2b: Gholdengo\n|-supereffective|p2b: Gholdengo\n|-damage|p2b: Gholdengo|0 fnt\n|faint|p2b: Gholdengo\n|\n|win|pokemon homo\n|c|\u2606Uahhhh|gg\n|c| frimaire21|\u521a\u52a0\u8f7d\u51fa\u6765\u5c31\u7ed3\u675f\u4e86\n|l|\u2606Uahhhh\n|l| frimaire21\n|l| 99jiuli\n|j| frimaire21\n|l| frimaire21\n","uploadtime":1683202951,"views":6,"p1id":"pokemonhomo","p2id":"uahhhh","formatid":"gen9vgc2023regulationc","rating":0,"private":0,"password":""}