{"id":"gen9vgc2023regulationc-1856567670","p1":"SpadesHS","p2":"SetsukuVGC","format":"[Gen 9] VGC 2023 Regulation C","log":"|j|\u2606SpadesHS\n|j|\u2606SetsukuVGC\n|t:|1683076726\n|gametype|doubles\n|player|p1|SpadesHS|n|\n|player|p2|SetsukuVGC|266|\n|teamsize|p1|6\n|teamsize|p2|6\n|gen|9\n|tier|[Gen 9] VGC 2023 Regulation C\n|rule|Species Clause: Limit one of each Pok\u00e9mon\n|rule|Item Clause: Limit one of each item\n|clearpoke\n|poke|p1|Amoonguss, L50, M|\n|poke|p1|Palafin, L50, F|\n|poke|p1|Arcanine, L50, F|\n|poke|p1|Ting-Lu, L50|\n|poke|p1|Kingambit, L50, F|\n|poke|p1|Flutter Mane, L50|\n|poke|p2|Coalossal, L50, M|\n|poke|p2|Flamigo, L50, M|\n|poke|p2|Bruxish, L50, M|\n|poke|p2|Meowscarada, L50, M|\n|poke|p2|Hydreigon, L50, F|\n|poke|p2|Iron Moth, L50|\n|teampreview|4\n|\n|t:|1683076803\n|start\n|switch|p1a: Marino|Palafin, L50, F|100\/100\n|switch|p1b: Timeline|Flutter Mane, L50|100\/100\n|switch|p2a: Bruxish|Bruxish, L50, M|100\/100\n|switch|p2b: Coalossal|Coalossal, L50, M|100\/100\n|turn|1\n|\n|t:|1683076863\n|-terastallize|p2b: Coalossal|Ground\n|move|p1b: Timeline|Dazzling Gleam|p2b: Coalossal|[spread] p2a,p2b\n|-damage|p2a: Bruxish|20\/100\n|-damage|p2b: Coalossal|56\/100\n|-enditem|p2a: Bruxish|Eject Button\n|\n|t:|1683076870\n|switch|p2a: Meowscarada|Meowscarada, L50, M|100\/100\n|move|p1a: Marino|Wave Crash|p2b: Coalossal\n|-supereffective|p2b: Coalossal\n|-damage|p2b: Coalossal|0 fnt\n|faint|p2b: Coalossal\n|-damage|p1a: Marino|84\/100|[from] Recoil\n|\n|upkeep\n|\n|t:|1683076891\n|switch|p2b: Bruxish|Bruxish, L50, M|20\/100\n|turn|2\n|\n|t:|1683076904\n|detailschange|p1a: Marino|Palafin-Hero, L50, F\n|switch|p1a: Fun Police|Arcanine, L50, F|100\/100\n|-ability|p1a: Fun Police|Intimidate|boost\n|-unboost|p2a: Meowscarada|atk|1\n|-unboost|p2b: Bruxish|atk|1\n|move|p2a: Meowscarada|Sucker Punch|p1b: Timeline\n|-damage|p1b: Timeline|66\/100\n|move|p2b: Bruxish|Aqua Jet|p1b: Timeline\n|-damage|p1b: Timeline|49\/100\n|move|p1b: Timeline|Dazzling Gleam|p2a: Meowscarada|[spread] p2a,p2b\n|-supereffective|p2a: Meowscarada\n|-enditem|p2a: Meowscarada|Focus Sash\n|-damage|p2a: Meowscarada|1\/100\n|-damage|p2b: Bruxish|0 fnt\n|faint|p2b: Bruxish\n|\n|upkeep\n|\n|t:|1683076915\n|switch|p2b: Flamigo|Flamigo, L50, M|100\/100\n|-copyboost|p2b: Flamigo|p2a: Meowscarada|[from] ability: Costar\n|turn|3\n|\n|t:|1683076955\n|move|p2a: Meowscarada|Protect|p2a: Meowscarada\n|-singleturn|p2a: Meowscarada|Protect\n|move|p1a: Fun Police|Extreme Speed|p2a: Meowscarada\n|-activate|p2a: Meowscarada|move: Protect\n|move|p1b: Timeline|Dazzling Gleam|p2a: Meowscarada|[spread] p2b\n|-activate|p2a: Meowscarada|move: Protect\n|-supereffective|p2b: Flamigo\n|-damage|p2b: Flamigo|0 fnt\n|faint|p2b: Flamigo\n|\n|upkeep\n|turn|4\n|\n|t:|1683076966\n|move|p1a: Fun Police|Extreme Speed|p2a: Meowscarada\n|-damage|p2a: Meowscarada|0 fnt\n|faint|p2a: Meowscarada\n|\n|win|SpadesHS\n","uploadtime":1683076986,"views":15,"p1id":"spadeshs","p2id":"setsukuvgc","formatid":"gen9vgc2023regulationc","rating":0,"private":0,"password":""}