{"id":"gen9vgc2023regulationc-1850081401","p1":"RocketshipJakob","p2":"Rexluser","format":"[Gen 9] VGC 2023 Regulation C","log":"|j|\u2606RocketshipJakob\n|j|\u2606Rexluser\n|t:|1682285130\n|gametype|doubles\n|player|p1|RocketshipJakob|170|1129\n|player|p2|Rexluser|1|1054\n|teamsize|p1|6\n|teamsize|p2|6\n|gen|9\n|tier|[Gen 9] VGC 2023 Regulation C\n|rated|\n|rule|Species Clause: Limit one of each Pok\u00e9mon\n|rule|Item Clause: Limit one of each item\n|clearpoke\n|poke|p1|Flutter Mane, L50|\n|poke|p1|Palafin, L50, M|\n|poke|p1|Iron Hands, L50|\n|poke|p1|Pelipper, L50, F|\n|poke|p1|Chien-Pao, L50|\n|poke|p1|Arcanine, L50, M|\n|poke|p2|Armarouge, L50, M|\n|poke|p2|Indeedee-F, L50, F|\n|poke|p2|Great Tusk, L50|\n|poke|p2|Iron Bundle, L50|\n|poke|p2|Iron Hands, L50|\n|poke|p2|Brute Bonnet, L50|\n|teampreview|4\nRocketshipJakob has agreed to open team sheets.\n|inactive|Battle timer is ON: inactive players will automatically lose when time's up. (requested by RocketshipJakob)\n|\n|t:|1682285158\n|start\n|switch|p1a: Chien-Pao|Chien-Pao, L50|100\/100\n|switch|p1b: Pelipper|Pelipper, L50, F|100\/100\n|switch|p2a: Great Tusk|Great Tusk, L50|100\/100\n|switch|p2b: Iron Bundle|Iron Bundle, L50|100\/100\n|-ability|p1a: Chien-Pao|Sword of Ruin\n|-weather|RainDance|[from] ability: Drizzle|[of] p1b: Pelipper\n|-enditem|p2b: Iron Bundle|Booster Energy\n|-activate|p2b: Iron Bundle|ability: Quark Drive|[fromitem]\n|-start|p2b: Iron Bundle|quarkdrivespe\n|turn|1\n|inactive|RocketshipJakob has 30 seconds left.\n|\n|t:|1682285187\n|move|p1a: Chien-Pao|Sucker Punch|p2b: Iron Bundle\n|-damage|p2b: Iron Bundle|52\/100\n|move|p2b: Iron Bundle|Freeze-Dry|p1b: Pelipper\n|-supereffective|p1b: Pelipper\n|-damage|p1b: Pelipper|0 fnt\n|faint|p1b: Pelipper\n|move|p2a: Great Tusk|Close Combat|p1a: Chien-Pao\n|-supereffective|p1a: Chien-Pao\n|-enditem|p1a: Chien-Pao|Focus Sash\n|-damage|p1a: Chien-Pao|1\/100\n|-unboost|p2a: Great Tusk|def|1\n|-unboost|p2a: Great Tusk|spd|1\n|\n|-weather|RainDance|[upkeep]\n|upkeep\n|-message|RocketshipJakob forfeited.\n|\n|win|Rexluser\n|raw|RocketshipJakob's rating: 1129 → 1099<\/strong> (-30 for losing)\n|raw|Rexluser's rating: 1054 → 1093<\/strong> (+39 for winning)\n|l|\u2606RocketshipJakob\n","uploadtime":1682285202,"views":3,"p1id":"rocketshipjakob","p2id":"rexluser","formatid":"gen9vgc2023regulationc","rating":1093,"private":0,"password":""}