{"id":"gen9vgc2023regulationc-1852033518","p1":"Swellowwww","p2":"LibraryMushroom","format":"[Gen 9] VGC 2023 Regulation C","log":"|j|\u2606Swellowwww\n|j|\u2606LibraryMushroom\n|t:|1682518551\n|gametype|doubles\n|player|p1|Swellowwww|morty|1076\n|player|p2|LibraryMushroom|blue|1000\n|teamsize|p1|6\n|teamsize|p2|6\n|gen|9\n|tier|[Gen 9] VGC 2023 Regulation C\n|rated|\n|rule|Species Clause: Limit one of each Pok\u00e9mon\n|rule|Item Clause: Limit one of each item\n|clearpoke\n|poke|p1|Palafin, L50, M|\n|poke|p1|Amoonguss, L50, M|\n|poke|p1|Arcanine, L50, M|\n|poke|p1|Iron Valiant, L50|\n|poke|p1|Chi-Yu, L50|\n|poke|p1|Chien-Pao, L50|\n|poke|p2|Scizor, L50, M|\n|poke|p2|Flutter Mane, L50|\n|poke|p2|Chien-Pao, L50|\n|poke|p2|Arcanine, L50, M|\n|poke|p2|Azumarill, L50, M|\n|poke|p2|Amoonguss, L50, M|\n|teampreview|4\n|inactive|Battle timer is ON: inactive players will automatically lose when time's up. (requested by Swellowwww)\n|inactive|Swellowwww has 60 seconds left.\n|\n|t:|1682518595\n|start\n|switch|p1a: Palafin|Palafin, L50, M|100\/100\n|switch|p1b: Amoonguss|Amoonguss, L50, M|100\/100\n|switch|p2a: Ice Weasel|Chien-Pao, L50|100\/100\n|switch|p2b: Scissors|Scizor, L50, M|100\/100\n|-ability|p2a: Ice Weasel|Sword of Ruin\n|turn|1\n|\n|t:|1682518614\n|detailschange|p1a: Palafin|Palafin-Hero, L50, M\n|switch|p1a: Chi-Yu|Chi-Yu, L50|100\/100\n|-ability|p1a: Chi-Yu|Beads of Ruin\n|move|p1b: Amoonguss|Rage Powder|p1b: Amoonguss\n|-singleturn|p1b: Amoonguss|move: Rage Powder\n|move|p2a: Ice Weasel|Ice Spinner|p1b: Amoonguss\n|-supereffective|p1b: Amoonguss\n|-damage|p1b: Amoonguss|0 fnt\n|faint|p1b: Amoonguss\n|move|p2b: Scissors|U-turn|p1a: Chi-Yu\n|-damage|p1a: Chi-Yu|17\/100\n|inactive|LibraryMushroom has 30 seconds left.\n|\n|t:|1682518644\n|switch|p2b: Jessica|Azumarill, L50, M|100\/100|[from] U-turn\n|\n|upkeep\n|\n|t:|1682518662\n|switch|p1b: Palafin|Palafin-Hero, L50, M|100\/100\n|-activate|p1b: Palafin|ability: Zero to Hero\n|turn|2\n|\n|t:|1682518674\n|-terastallize|p2b: Jessica|Water\n|move|p2a: Ice Weasel|Protect|p2a: Ice Weasel\n|-singleturn|p2a: Ice Weasel|Protect\n|move|p1b: Palafin|Jet Punch|p2a: Ice Weasel\n|-activate|p2a: Ice Weasel|move: Protect\n|move|p2b: Jessica|Aqua Jet|p1a: Chi-Yu\n|-supereffective|p1a: Chi-Yu\n|-damage|p1a: Chi-Yu|0 fnt\n|faint|p1a: Chi-Yu\n|\n|upkeep\n|\n|t:|1682518678\n|switch|p1a: Iron Valiant|Iron Valiant, L50|100\/100\n|-enditem|p1a: Iron Valiant|Booster Energy\n|-activate|p1a: Iron Valiant|ability: Quark Drive|[fromitem]\n|-start|p1a: Iron Valiant|quarkdrivespa\n|turn|3\n|\n|t:|1682518699\n|-terastallize|p1a: Iron Valiant|Fairy\n|move|p2a: Ice Weasel|Sucker Punch|p1b: Palafin\n|-damage|p1b: Palafin|50\/100\n|move|p1a: Iron Valiant|Moonblast|p2b: Jessica\n|-damage|p2b: Jessica|40\/100\n|move|p1b: Palafin|Wave Crash|p2a: Ice Weasel\n|-enditem|p2a: Ice Weasel|Focus Sash\n|-damage|p2a: Ice Weasel|1\/100\n|-damage|p1b: Palafin|21\/100|[from] Recoil\n|move|p2b: Jessica|Play Rough|p1a: Iron Valiant\n|-damage|p1a: Iron Valiant|0 fnt\n|faint|p1a: Iron Valiant\n|-end|p1a: Iron Valiant|Quark Drive|[silent]\n|\n|upkeep\n|turn|4\n|-message|Swellowwww forfeited.\n|\n|win|LibraryMushroom\n|raw|Swellowwww's rating: 1076 → 1050<\/strong> (-26 for losing)\n|raw|LibraryMushroom's rating: 1000 → 1049<\/strong> (+49 for winning)\n|l|\u2606Swellowwww\n|n|\u2606LibraryMushroom|librarymushroom\n|l|\u2606LibraryMushroom\n|j|\u2606LibraryMushroom\n|player|p2|LibraryMushroom|blue\n","uploadtime":1682518828,"views":2,"p1id":"swellowwww","p2id":"librarymushroom","formatid":"gen9vgc2023regulationc","rating":1049,"private":0,"password":""}