{"id":"gen9vgc2023regulationc-1846689106","p1":"JB184351","p2":"ANTIVALLEY","format":"[Gen 9] VGC 2023 Regulation C","log":"|j|\u2606JB184351\n|j|\u2606ANTIVALLEY\n|t:|1681866138\n|gametype|doubles\n|player|p1|JB184351|170|1189\n|player|p2|ANTIVALLEY|penny|1127\n|teamsize|p1|6\n|teamsize|p2|6\n|gen|9\n|tier|[Gen 9] VGC 2023 Regulation C\n|rated|\n|rule|Species Clause: Limit one of each Pok\u00e9mon\n|rule|Item Clause: Limit one of each item\n|clearpoke\n|poke|p1|Scizor, L50, M|\n|poke|p1|Flutter Mane, L50|\n|poke|p1|Chi-Yu, L50|\n|poke|p1|Dachsbun, L50, M|\n|poke|p1|Iron Bundle, L50|\n|poke|p1|Great Tusk, L50|\n|poke|p2|Lycanroc, L50, M|\n|poke|p2|Tyranitar, L50, M|\n|poke|p2|Iron Bundle, L50|\n|poke|p2|Chi-Yu, L50|\n|poke|p2|Farigiraf, L50, F|\n|poke|p2|Gyarados, L50, F|\n|teampreview|4\nANTIVALLEY rejected open team sheets.\n|inactive|Battle timer is ON: inactive players will automatically lose when time's up. (requested by JB184351)\n|\n|t:|1681866208\n|start\n|switch|p1a: Chi-Yu|Chi-Yu, L50|100\/100\n|switch|p1b: Dachsbun|Dachsbun, L50, M|100\/100\n|switch|p2a: Lycanroc|Lycanroc, L50, M|100\/100\n|switch|p2b: Tyranitar|Tyranitar, L50, M|100\/100\n|-ability|p1a: Chi-Yu|Beads of Ruin\n|-weather|Sandstorm|[from] ability: Sand Stream|[of] p2b: Tyranitar\n|turn|1\n|inactive|ANTIVALLEY has 30 seconds left.\n|\n|t:|1681866238\n|move|p2a: Lycanroc|Rock Blast|p1a: Chi-Yu\n|-supereffective|p1a: Chi-Yu\n|-damage|p1a: Chi-Yu|58\/100\n|-supereffective|p1a: Chi-Yu\n|-damage|p1a: Chi-Yu|17\/100\n|-supereffective|p1a: Chi-Yu\n|-damage|p1a: Chi-Yu|0 fnt\n|faint|p1a: Chi-Yu\n|-hitcount|p1: Chi-Yu|3\n|move|p1b: Dachsbun|Body Press|p2b: Tyranitar\n|-supereffective|p2b: Tyranitar\n|-damage|p2b: Tyranitar|31\/100\n|move|p2b: Tyranitar|Rock Slide|p1b: Dachsbun\n|-damage|p1b: Dachsbun|61\/100\n|\n|-weather|Sandstorm|[upkeep]\n|-damage|p1b: Dachsbun|55\/100|[from] Sandstorm\n|-heal|p1b: Dachsbun|61\/100|[from] item: Leftovers\n|upkeep\n|\n|t:|1681866260\n|switch|p1a: Iron Bundle|Iron Bundle, L50|100\/100\n|-enditem|p1a: Iron Bundle|Booster Energy\n|-activate|p1a: Iron Bundle|ability: Quark Drive|[fromitem]\n|-start|p1a: Iron Bundle|quarkdrivespe\n|turn|2\n|inactive|ANTIVALLEY has 30 seconds left.\n|\n|t:|1681866290\n|switch|p2b: Gyarados|Gyarados, L50, F|100\/100\n|-ability|p2b: Gyarados|Intimidate|boost\n|-unboost|p1a: Iron Bundle|atk|1\n|-unboost|p1b: Dachsbun|atk|1\n|move|p1b: Dachsbun|Protect|p1b: Dachsbun\n|-singleturn|p1b: Dachsbun|Protect\n|move|p2a: Lycanroc|Rock Blast|p1a: Iron Bundle\n|-supereffective|p1a: Iron Bundle\n|-damage|p1a: Iron Bundle|72\/100\n|-supereffective|p1a: Iron Bundle\n|-damage|p1a: Iron Bundle|43\/100\n|-supereffective|p1a: Iron Bundle\n|-damage|p1a: Iron Bundle|11\/100\n|-supereffective|p1a: Iron Bundle\n|-damage|p1a: Iron Bundle|0 fnt\n|faint|p1a: Iron Bundle\n|-end|p1a: Iron Bundle|Quark Drive|[silent]\n|-hitcount|p1: Iron Bundle|4\n|\n|-weather|Sandstorm|[upkeep]\n|-damage|p2b: Gyarados|95\/100|[from] Sandstorm\n|-damage|p1b: Dachsbun|55\/100|[from] Sandstorm\n|-heal|p1b: Dachsbun|61\/100|[from] item: Leftovers\n|upkeep\n|\n|t:|1681866301\n|switch|p1a: Flutter Mane|Flutter Mane, L50|100\/100\n|turn|3\n|\n|t:|1681866323\n|-terastallize|p1a: Flutter Mane|Fairy\n|-terastallize|p2b: Gyarados|Steel\n|move|p2a: Lycanroc|Rock Blast|p1a: Flutter Mane\n|-damage|p1a: Flutter Mane|73\/100\n|-damage|p1a: Flutter Mane|48\/100\n|-damage|p1a: Flutter Mane|22\/100\n|-damage|p1a: Flutter Mane|0 fnt\n|faint|p1a: Flutter Mane\n|-end|p1a: Flutter Mane|Protosynthesis|[silent]\n|-hitcount|p1: Flutter Mane|4\n|move|p2b: Gyarados|Iron Head|p1b: Dachsbun\n|-supereffective|p1b: Dachsbun\n|-damage|p1b: Dachsbun|0 fnt\n|faint|p1b: Dachsbun\n|\n|win|ANTIVALLEY\n|raw|JB184351's rating: 1189 → 1160<\/strong> (-29 for losing)\n|raw|ANTIVALLEY's rating: 1127 → 1156<\/strong> (+29 for winning)\n|l|\u2606JB184351\n","uploadtime":1681866340,"views":14,"p1id":"jb184351","p2id":"antivalley","formatid":"gen9vgc2023regulationc","rating":1156,"private":0,"password":""}