{"id":"gen9vgc2023regulationc-1845360132","p1":"Steakman5","p2":"Luca Chiro","format":"[Gen 9] VGC 2023 Regulation C","log":"|j|\u2606Steakman5\n|j|\u2606Luca Chiro\n|t:|1681721481\n|gametype|doubles\n|player|p1|Steakman5|swimmer-gen4|1143\n|player|p2|Luca Chiro|ghetsis-gen5bw|1070\n|teamsize|p1|6\n|teamsize|p2|6\n|gen|9\n|tier|[Gen 9] VGC 2023 Regulation C\n|rated|\n|rule|Species Clause: Limit one of each Pok\u00e9mon\n|rule|Item Clause: Limit one of each item\n|clearpoke\n|poke|p1|Chi-Yu, L50|\n|poke|p1|Palafin, L50, F|\n|poke|p1|Maushold-Four, L50|\n|poke|p1|Annihilape, L50, F|\n|poke|p1|Brute Bonnet, L50|\n|poke|p1|Flutter Mane, L50|\n|poke|p2|Maushold-Four, L50|\n|poke|p2|Arcanine, L50, M|\n|poke|p2|Iron Bundle, L50|\n|poke|p2|Amoonguss, L50, F|\n|poke|p2|Annihilape, L50, M|\n|poke|p2|Roaring Moon, L50|\n|teampreview|4\n|l|\u2606Luca Chiro\n|player|p2|\n|j|\u2606Luca Chiro\n|player|p2|Luca Chiro|ghetsis-gen5bw\n|\n|t:|1681721518\n|start\n|switch|p1a: Chi-Yu|Chi-Yu, L50|100\/100\n|switch|p1b: Flutter Mane|Flutter Mane, L50|100\/100\n|switch|p2a: Maushold|Maushold-Four, L50|100\/100\n|switch|p2b: Annihilape|Annihilape, L50, M|100\/100\n|-ability|p1a: Chi-Yu|Beads of Ruin\n|-enditem|p1b: Flutter Mane|Booster Energy\n|-activate|p1b: Flutter Mane|ability: Protosynthesis|[fromitem]\n|-start|p1b: Flutter Mane|protosynthesisspe\n|turn|1\n|\n|t:|1681721536\n|-terastallize|p2b: Annihilape|Water\n|move|p1b: Flutter Mane|Dazzling Gleam|p2a: Maushold|[spread] p2a,p2b\n|-crit|p2a: Maushold\n|-damage|p2a: Maushold|24\/100\n|-damage|p2b: Annihilape|65\/100\n|move|p1a: Chi-Yu|Dark Pulse|p2b: Annihilape\n|-damage|p2b: Annihilape|17\/100\n|move|p2a: Maushold|Beat Up|p2b: Annihilape\n|-crit|p2b: Annihilape\n|-damage|p2b: Annihilape|11\/100\n|-damage|p2b: Annihilape|7\/100\n|-damage|p2b: Annihilape|3\/100\n|-damage|p2b: Annihilape|0 fnt\n|faint|p2b: Annihilape\n|-hitcount|p2: Annihilape|4\n|\n|upkeep\n|-message|Luca Chiro forfeited.\n|\n|win|Steakman5\n|raw|Steakman5's rating: 1143 → 1163<\/strong> (+20 for winning)\n|raw|Luca Chiro's rating: 1070 → 1054<\/strong> (-16 for losing)\n|l|\u2606Luca Chiro\n","uploadtime":1681721552,"views":15,"p1id":"steakman5","p2id":"lucachiro","formatid":"gen9vgc2023regulationc","rating":1054,"private":0,"password":""}