{"id":"gen9vgc2023regulationc-1852566710","p1":"metaelder","p2":"Sakul5","format":"[Gen 9] VGC 2023 Regulation C","log":"|j|\u2606metaelder\n|j|\u2606Sakul5\n|t:|1682577461\n|gametype|doubles\n|player|p1|metaelder|1|1165\n|player|p2|Sakul5|170|1121\n|teamsize|p1|6\n|teamsize|p2|6\n|gen|9\n|tier|[Gen 9] VGC 2023 Regulation C\n|rated|\n|rule|Species Clause: Limit one of each Pok\u00e9mon\n|rule|Item Clause: Limit one of each item\n|clearpoke\n|poke|p1|Gastrodon, L50, F|\n|poke|p1|Annihilape, L50, F|\n|poke|p1|Maushold, L50|\n|poke|p1|Hydreigon, L50, F|\n|poke|p1|Armarouge, L50, F|\n|poke|p1|Indeedee-F, L50, F|\n|poke|p2|Ting-Lu, L50|\n|poke|p2|Garganacl, L50, M|\n|poke|p2|Toxapex, L50, M|\n|poke|p2|Meowscarada, L50, M|\n|poke|p2|Maushold, L50|\n|poke|p2|Glimmora, L50, F|\n|teampreview|4\n|j| SweetCherryBoyJp\n|\n|t:|1682577530\n|start\n|switch|p1a: Hydreigon|Hydreigon, L50, F|100\/100\n|switch|p1b: Gastrodon|Gastrodon, L50, F|100\/100\n|switch|p2a: Ting-Lu|Ting-Lu, L50|100\/100\n|switch|p2b: Glimmora|Glimmora, L50, F|100\/100\n|-ability|p2a: Ting-Lu|Vessel of Ruin\n|turn|1\n|l| SweetCherryBoyJp\n|\n|t:|1682577553\n|move|p1a: Hydreigon|Surf|p2a: Ting-Lu|[spread] p2a,p2b\n|-ability|p1b: Gastrodon|Storm Drain|boost\n|-boost|p1b: Gastrodon|spa|1\n|-supereffective|p2a: Ting-Lu\n|-supereffective|p2b: Glimmora\n|-damage|p2a: Ting-Lu|82\/100\n|-damage|p2b: Glimmora|70\/100\n|move|p2b: Glimmora|Mortal Spin|p1a: Hydreigon|[spread] p1a,p1b\n|-resisted|p1b: Gastrodon\n|-damage|p1a: Hydreigon|95\/100\n|-damage|p1b: Gastrodon|99\/100\n|-status|p1a: Hydreigon|psn\n|-status|p1b: Gastrodon|psn\n|move|p2a: Ting-Lu|Sand Tomb|p1a: Hydreigon\n|-immune|p1a: Hydreigon|[from] ability: Levitate\n|move|p1b: Gastrodon|Muddy Water|p2a: Ting-Lu|[spread] p2a,p2b\n|-supereffective|p2a: Ting-Lu\n|-supereffective|p2b: Glimmora\n|-damage|p2a: Ting-Lu|52\/100\n|-damage|p2b: Glimmora|16\/100\n|-unboost|p2a: Ting-Lu|accuracy|1\n|-enditem|p2b: Glimmora|Sitrus Berry|[eat]\n|-heal|p2b: Glimmora|41\/100|[from] item: Sitrus Berry\n|\n|-damage|p1a: Hydreigon|83\/100 psn|[from] psn\n|-damage|p1b: Gastrodon|86\/100 psn|[from] psn\n|upkeep\n|turn|2\n|\n|t:|1682577593\n|switch|p2a: Meowscarada|Meowscarada, L50, M|100\/100\n|move|p2b: Glimmora|Spiky Shield|p2b: Glimmora\n|-singleturn|p2b: Glimmora|move: Protect\n|move|p1a: Hydreigon|Surf|p2a: Meowscarada|[spread] p2a\n|-activate|p2b: Glimmora|move: Protect\n|-ability|p1b: Gastrodon|Storm Drain|boost\n|-boost|p1b: Gastrodon|spa|1\n|-resisted|p2a: Meowscarada\n|-damage|p2a: Meowscarada|82\/100\n|move|p1b: Gastrodon|Muddy Water|p2b: Glimmora|[spread] \n|-activate|p2b: Glimmora|move: Protect\n|-miss|p1b: Gastrodon|p2a: Meowscarada\n|\n|-damage|p1a: Hydreigon|71\/100 psn|[from] psn\n|-damage|p1b: Gastrodon|74\/100 psn|[from] psn\n|upkeep\n|turn|3\n|\n|t:|1682577615\n|-terastallize|p1b: Gastrodon|Fire\n|move|p1a: Hydreigon|Surf|p2a: Meowscarada|[spread] p2a,p2b\n|-ability|p1b: Gastrodon|Storm Drain|boost\n|-boost|p1b: Gastrodon|spa|1\n|-resisted|p2a: Meowscarada\n|-supereffective|p2b: Glimmora\n|-damage|p2a: Meowscarada|64\/100\n|-damage|p2b: Glimmora|2\/100\n|move|p2a: Meowscarada|Flower Trick|p1b: Gastrodon\n|-resisted|p1b: Gastrodon\n|-crit|p1b: Gastrodon\n|-damage|p1b: Gastrodon|54\/100 psn\n|move|p2b: Glimmora|Stealth Rock|p1a: Hydreigon\n|-sidestart|p1: metaelder|move: Stealth Rock\n|move|p1b: Gastrodon|Muddy Water|p2a: Meowscarada|[spread] p2a,p2b\n|-resisted|p2a: Meowscarada\n|-supereffective|p2b: Glimmora\n|-damage|p2a: Meowscarada|13\/100\n|-damage|p2b: Glimmora|0 fnt\n|faint|p2b: Glimmora\n|\n|-damage|p1a: Hydreigon|59\/100 psn|[from] psn\n|-damage|p1b: Gastrodon|41\/100 psn|[from] psn\n|upkeep\n|\n|t:|1682577634\n|switch|p2b: Garganacl|Garganacl, L50, M|100\/100\n|turn|4\n|\n|t:|1682577669\n|-terastallize|p2a: Meowscarada|Grass\n|move|p1a: Hydreigon|Surf|p2a: Meowscarada|[spread] p2a,p2b\n|-ability|p1b: Gastrodon|Storm Drain|boost\n|-boost|p1b: Gastrodon|spa|1\n|-resisted|p2a: Meowscarada\n|-supereffective|p2b: Garganacl\n|-damage|p2a: Meowscarada|0 fnt\n|-damage|p2b: Garganacl|72\/100\n|faint|p2a: Meowscarada\n|move|p1b: Gastrodon|Earth Power|p2b: Garganacl\n|-supereffective|p2b: Garganacl\n|-damage|p2b: Garganacl|0 fnt\n|faint|p2b: Garganacl\n|\n|-damage|p1a: Hydreigon|47\/100 psn|[from] psn\n|-damage|p1b: Gastrodon|29\/100 psn|[from] psn\n|upkeep\n|-message|Sakul5 forfeited.\n|\n|win|metaelder\n|raw|metaelder's rating: 1165 → 1187<\/strong> (+22 for winning)\n|raw|Sakul5's rating: 1121 → 1099<\/strong> (-22 for losing)\n|l|\u2606Sakul5\n","uploadtime":1682577790,"views":14,"p1id":"metaelder","p2id":"sakul5","formatid":"gen9vgc2023regulationc","rating":1099,"private":0,"password":""}