{"id":"gen9vgc2023regulationc-1857611301","p1":"Lutrinae Arctis","p2":"QUANTRIH","format":"[Gen 9] VGC 2023 Regulation C","log":"|j|\u2606Lutrinae Arctis\n|j|\u2606QUANTRIH\n|t:|1683212861\n|gametype|doubles\n|player|p1|Lutrinae Arctis|dawn-gen4pt|1250\n|player|p2|QUANTRIH|hiker-gen4|1216\n|teamsize|p1|6\n|teamsize|p2|6\n|gen|9\n|tier|[Gen 9] VGC 2023 Regulation C\n|rated|\n|rule|Species Clause: Limit one of each Pok\u00e9mon\n|rule|Item Clause: Limit one of each item\n|clearpoke\n|poke|p1|Flutter Mane, L50|\n|poke|p1|Jumpluff, L50, M|\n|poke|p1|Wo-Chien, L50|\n|poke|p1|Torkoal, L50, F|\n|poke|p1|Roaring Moon, L50|\n|poke|p1|Chi-Yu, L50|\n|poke|p2|Ting-Lu, L50|\n|poke|p2|Vivillon-Fancy, L50, F|\n|poke|p2|Iron Bundle, L50|\n|poke|p2|Abomasnow, L50, F|\n|poke|p2|Annihilape, L50, M|\n|poke|p2|Chien-Pao, L50|\n|teampreview|4\n|\n|t:|1683212877\n|start\n|switch|p1a: Flutter Mane|Flutter Mane, L50|100\/100\n|switch|p1b: Wo-Chien|Wo-Chien, L50|100\/100\n|switch|p2a: Ting-Lu|Ting-Lu, L50|100\/100\n|switch|p2b: Vivillon|Vivillon-Fancy, L50, F|100\/100\n|-ability|p2a: Ting-Lu|Vessel of Ruin\n|-ability|p1b: Wo-Chien|Tablets of Ruin\n|turn|1\n|inactive|Battle timer is ON: inactive players will automatically lose when time's up. (requested by QUANTRIH)\n|\n|t:|1683212907\n|move|p2b: Vivillon|Pollen Puff|p1b: Wo-Chien\n|-supereffective|p1b: Wo-Chien\n|-damage|p1b: Wo-Chien|17\/100\n|move|p2a: Ting-Lu|Earthquake|p1a: Flutter Mane|[spread] p1a,p1b\n|-immune|p2b: Vivillon\n|-resisted|p1b: Wo-Chien\n|-damage|p1a: Flutter Mane|55\/100\n|-damage|p1b: Wo-Chien|0 fnt\n|faint|p1b: Wo-Chien\n|move|p1a: Flutter Mane|Substitute|p1a: Flutter Mane\n|-start|p1a: Flutter Mane|Substitute\n|-damage|p1a: Flutter Mane|30\/100\n|\n|upkeep\n|\n|t:|1683212918\n|switch|p1b: Chi-Yu|Chi-Yu, L50|100\/100\n|-ability|p1b: Chi-Yu|Beads of Ruin\n|turn|2\n|\n|t:|1683212929\n|move|p1b: Chi-Yu|Protect|p1b: Chi-Yu\n|-singleturn|p1b: Chi-Yu|Protect\n|move|p2b: Vivillon|Rage Powder|p2b: Vivillon\n|-singleturn|p2b: Vivillon|move: Rage Powder\n|move|p2a: Ting-Lu|Earthquake|p1b: Chi-Yu|[spread] p1a\n|-activate|p1b: Chi-Yu|move: Protect\n|-immune|p2b: Vivillon\n|-end|p1a: Flutter Mane|Substitute\n|move|p1a: Flutter Mane|Trick Room|p1a: Flutter Mane\n|-fieldstart|move: Trick Room|[of] p1a: Flutter Mane\n|\n|upkeep\n|turn|3\n|\n|t:|1683212944\n|move|p2b: Vivillon|Rage Powder|p2b: Vivillon\n|-singleturn|p2b: Vivillon|move: Rage Powder\n|move|p1a: Flutter Mane|Moonblast|p2b: Vivillon\n|-damage|p2b: Vivillon|17\/100\n|-unboost|p2b: Vivillon|spa|1\n|move|p2a: Ting-Lu|Earthquake|p1a: Flutter Mane|[spread] p1a,p1b\n|-immune|p2b: Vivillon\n|-supereffective|p1b: Chi-Yu\n|-damage|p1a: Flutter Mane|0 fnt\n|-damage|p1b: Chi-Yu|0 fnt\n|faint|p1a: Flutter Mane\n|-end|p1a: Flutter Mane|Protosynthesis|[silent]\n|faint|p1b: Chi-Yu\n|\n|upkeep\n|\n|t:|1683212949\n|switch|p1b: Torkoal|Torkoal, L50, F|100\/100\n|-weather|SunnyDay|[from] ability: Drought|[of] p1b: Torkoal\n|turn|4\n|\n|t:|1683212963\n|-terastallize|p1b: Torkoal|Fire\n|move|p1b: Torkoal|Eruption|p2b: Vivillon|[spread] p2a,p2b\n|-supereffective|p2b: Vivillon\n|-damage|p2a: Ting-Lu|32\/100\n|-damage|p2b: Vivillon|0 fnt\n|faint|p2b: Vivillon\n|move|p2a: Ting-Lu|Earthquake|p1b: Torkoal\n|-supereffective|p1b: Torkoal\n|-damage|p1b: Torkoal|0 fnt\n|faint|p1b: Torkoal\n|\n|win|QUANTRIH\n|raw|Lutrinae Arctis's rating: 1250 → 1223<\/strong> (-27 for losing)\n|raw|QUANTRIH's rating: 1216 → 1243<\/strong> (+27 for winning)\n","uploadtime":1683212973,"views":12,"p1id":"lutrinaearctis","p2id":"quantrih","formatid":"gen9vgc2023regulationc","rating":1223,"private":0,"password":""}