{"id":"gen9vgc2023regulationc-1853208273","p1":"Yalper","p2":"SweetSerenityGrace","format":"[Gen 9] VGC 2023 Regulation C","log":"|j|\u2606Yalper\n|j|\u2606SweetSerenityGrace\n|t:|1682648782\n|gametype|doubles\n|player|p1|Yalper|169|1315\n|player|p2|SweetSerenityGrace|iris-gen5bw2|1227\n|teamsize|p1|6\n|teamsize|p2|6\n|gen|9\n|tier|[Gen 9] VGC 2023 Regulation C\n|rated|\n|rule|Species Clause: Limit one of each Pok\u00e9mon\n|rule|Item Clause: Limit one of each item\n|clearpoke\n|poke|p1|Chien-Pao, L50|\n|poke|p1|Flutter Mane, L50|\n|poke|p1|Great Tusk, L50|\n|poke|p1|Indeedee-F, L50, F|\n|poke|p1|Tatsugiri, L50, M|\n|poke|p1|Talonflame, L50, M|\n|poke|p2|Flutter Mane, L50|\n|poke|p2|Chi-Yu, L50|\n|poke|p2|Chien-Pao, L50|\n|poke|p2|Dragonite, L50, F|\n|poke|p2|Iron Hands, L50|\n|poke|p2|Amoonguss, L50, F|\n|teampreview|4\nSweetSerenityGrace rejected open team sheets.\n|\n|t:|1682648810\n|start\n|switch|p1a: Great Tusk|Great Tusk, L50|100\/100\n|switch|p1b: Talonflame|Talonflame, L50, M|100\/100\n|switch|p2a: Big Missy|Flutter Mane, L50|100\/100\n|switch|p2b: Iron Hands|Iron Hands, L50|100\/100\n|-enditem|p2a: Big Missy|Booster Energy\n|-activate|p2a: Big Missy|ability: Protosynthesis|[fromitem]\n|-start|p2a: Big Missy|protosynthesisspe\n|turn|1\n|\n|t:|1682648833\n|-terastallize|p1a: Great Tusk|Ground\n|move|p1b: Talonflame|Tailwind|p1b: Talonflame\n|-sidestart|p1: Yalper|move: Tailwind\n|move|p2a: Big Missy|Dazzling Gleam|p1b: Talonflame|[spread] p1a,p1b\n|-resisted|p1b: Talonflame\n|-damage|p1a: Great Tusk|55\/100\n|-damage|p1b: Talonflame|79\/100\n|move|p1a: Great Tusk|Earthquake|p2b: Iron Hands|[spread] p2a,p2b\n|-immune|p1b: Talonflame\n|-supereffective|p2b: Iron Hands\n|-damage|p2a: Big Missy|0 fnt\n|-damage|p2b: Iron Hands|0 fnt\n|faint|p2a: Big Missy\n|-end|p2a: Big Missy|Protosynthesis|[silent]\n|faint|p2b: Iron Hands\n|-end|p2b: Iron Hands|Quark Drive|[silent]\n|\n|upkeep\n|\n|t:|1682648847\n|switch|p2a: Shroomie|Amoonguss, L50, F|100\/100\n|switch|p2b: Dragonite|Dragonite, L50, F|100\/100\n|turn|2\n|\n|t:|1682648864\n|move|p2a: Shroomie|Rage Powder|p2a: Shroomie\n|-singleturn|p2a: Shroomie|move: Rage Powder\n|move|p1b: Talonflame|Will-O-Wisp|p2a: Shroomie\n|-status|p2a: Shroomie|brn\n|move|p1a: Great Tusk|Earthquake|p2b: Dragonite|[spread] p2a\n|-immune|p1b: Talonflame\n|-immune|p2b: Dragonite\n|-damage|p2a: Shroomie|26\/100 brn\n|move|p2b: Dragonite|Dragon Dance|p2b: Dragonite\n|-boost|p2b: Dragonite|atk|1\n|-boost|p2b: Dragonite|spe|1\n|\n|-damage|p2a: Shroomie|20\/100 brn|[from] brn\n|upkeep\n|turn|3\n|\n|t:|1682648894\n|move|p1b: Talonflame|Will-O-Wisp|p2b: Dragonite\n|-status|p2b: Dragonite|brn\n|-enditem|p2b: Dragonite|Lum Berry|[eat]\n|-curestatus|p2b: Dragonite|brn|[msg]\n|move|p1a: Great Tusk|Earthquake|p2a: Shroomie|[spread] p2a\n|-immune|p1b: Talonflame\n|-immune|p2b: Dragonite\n|-damage|p2a: Shroomie|0 fnt\n|faint|p2a: Shroomie\n|move|p2b: Dragonite|Outrage|p1a: Great Tusk\n|-damage|p1a: Great Tusk|0 fnt\n|faint|p1a: Great Tusk\n|-end|p1a: Great Tusk|Protosynthesis|[silent]\n|\n|upkeep\n|\n|t:|1682648908\n|switch|p1a: Flutter Mane|Flutter Mane, L50|100\/100\n|turn|4\n|\n|t:|1682648925\n|move|p1a: Flutter Mane|Moonblast|p2b: Dragonite\n|-supereffective|p2b: Dragonite\n|-crit|p2b: Dragonite\n|-damage|p2b: Dragonite|0 fnt\n|faint|p2b: Dragonite\n|-damage|p1a: Flutter Mane|91\/100|[from] item: Life Orb\n|\n|win|Yalper\n|raw|Yalper's rating: 1315 → 1330<\/strong> (+15 for winning)\n|raw|SweetSerenityGrace's rating: 1227 → 1208<\/strong> (-19 for losing)\n|l|\u2606SweetSerenityGrace\n","uploadtime":1682648959,"views":6,"p1id":"yalper","p2id":"sweetserenitygrace","formatid":"gen9vgc2023regulationc","rating":1208,"private":0,"password":""}