{"id":"gen9vgc2023regulationc-1863055142","p1":"crater68","p2":"RhymzVGC","format":"[Gen 9] VGC 2023 Regulation C","log":"|j|\u2606crater68\n|j|\u2606RhymzVGC\n|t:|1683960370\n|gametype|doubles\n|player|p1|crater68|nate|1015\n|player|p2|RhymzVGC|roughneck-gen4|1045\n|teamsize|p1|6\n|teamsize|p2|6\n|gen|9\n|tier|[Gen 9] VGC 2023 Regulation C\n|rated|\n|rule|Species Clause: Limit one of each Pok\u00e9mon\n|rule|Item Clause: Limit one of each item\n|clearpoke\n|poke|p1|Lilligant, L50, F|\n|poke|p1|Torkoal, L50, F|\n|poke|p1|Flutter Mane, L50|\n|poke|p1|Kingambit, L50, F|\n|poke|p1|Dragonite, L50, F|\n|poke|p1|Great Tusk, L50|\n|poke|p2|Flutter Mane, L50|\n|poke|p2|Wo-Chien, L50|\n|poke|p2|Torkoal, L50, M|\n|poke|p2|Iron Bundle, L50|\n|poke|p2|Tyranitar, L50, M|\n|poke|p2|Gyarados, L50, M|\n|teampreview|4\n|inactive|Battle timer is ON: inactive players will automatically lose when time's up. (requested by crater68)\n|\n|t:|1683960393\n|start\n|switch|p1a: Teheh|Lilligant, L50, F, shiny|100\/100\n|switch|p1b: Boil|Torkoal, L50, F, shiny|100\/100\n|switch|p2a: Wo-Chien|Wo-Chien, L50|100\/100\n|switch|p2b: Flutter Mane|Flutter Mane, L50, shiny|100\/100\n|-ability|p2a: Wo-Chien|Tablets of Ruin\n|-weather|SunnyDay|[from] ability: Drought|[of] p1b: Boil\n|-activate|p2b: Flutter Mane|ability: Protosynthesis\n|-start|p2b: Flutter Mane|protosynthesisspa\n|turn|1\n|\n|t:|1683960415\n|move|p1a: Teheh|After You|p1b: Boil\n|-activate|p1b: Boil|move: After You\n|move|p1b: Boil|Eruption|p2b: Flutter Mane|[spread] p2a,p2b\n|-supereffective|p2a: Wo-Chien\n|-damage|p2a: Wo-Chien|0 fnt\n|-damage|p2b: Flutter Mane|26\/100\n|faint|p2a: Wo-Chien\n|move|p2b: Flutter Mane|Trick Room|p2b: Flutter Mane\n|-fieldstart|move: Trick Room|[of] p2b: Flutter Mane\n|\n|-weather|SunnyDay|[upkeep]\n|upkeep\n|\n|t:|1683960426\n|switch|p2a: Tyranitar|Tyranitar, L50, M|100\/100\n|-weather|Sandstorm|[from] ability: Sand Stream|[of] p2a: Tyranitar\n|-end|p2b: Flutter Mane|Protosynthesis\n|turn|2\n|inactive|RhymzVGC has 30 seconds left.\n|\n|t:|1683960453\n|move|p1b: Boil|Eruption|p2a: Tyranitar|[spread] p2a,p2b\n|-resisted|p2a: Tyranitar\n|-damage|p2a: Tyranitar|85\/100\n|-damage|p2b: Flutter Mane|0 fnt\n|faint|p2b: Flutter Mane\n|-end|p2b: Flutter Mane|Protosynthesis|[silent]\n|move|p2a: Tyranitar|Stone Edge|p1b: Boil\n|-supereffective|p1b: Boil\n|-damage|p1b: Boil|0 fnt\n|faint|p1b: Boil\n|move|p1a: Teheh|Leaf Storm|p2a: Tyranitar\n|-supereffective|p2a: Tyranitar\n|-crit|p2a: Tyranitar\n|-damage|p2a: Tyranitar|0 fnt\n|-unboost|p1a: Teheh|spa|2\n|faint|p2a: Tyranitar\n|\n|-weather|Sandstorm|[upkeep]\n|-damage|p1a: Teheh|94\/100|[from] Sandstorm\n|upkeep\n|inactive|RhymzVGC has 30 seconds left.\n|\n|t:|1683960480\n|switch|p1b: Pretty|Flutter Mane, L50, shiny|100\/100\n|switch|p2a: Torkoal|Torkoal, L50, M, shiny|100\/100\n|-weather|SunnyDay|[from] ability: Drought|[of] p2a: Torkoal\n|-activate|p1b: Pretty|ability: Protosynthesis\n|-start|p1b: Pretty|protosynthesisspa\n|turn|3\n|\n|t:|1683960497\n|-terastallize|p2a: Torkoal|Fire\n|move|p2a: Torkoal|Eruption|p1b: Pretty|[spread] p1a,p1b\n|-supereffective|p1a: Teheh\n|-damage|p1a: Teheh|0 fnt\n|-damage|p1b: Pretty|0 fnt\n|faint|p1a: Teheh\n|faint|p1b: Pretty\n|-end|p1b: Pretty|Protosynthesis|[silent]\n|\n|-weather|SunnyDay|[upkeep]\n|upkeep\n|\n|t:|1683960510\n|switch|p1a: Betterdonpan|Great Tusk, L50, shiny|100\/100\n|-activate|p1a: Betterdonpan|ability: Protosynthesis\n|-start|p1a: Betterdonpan|protosynthesisatk\n|turn|4\n|\n|t:|1683960521\n|move|p2a: Torkoal|Eruption|p1a: Betterdonpan\n|-crit|p1a: Betterdonpan\n|-damage|p1a: Betterdonpan|0 fnt\n|faint|p1a: Betterdonpan\n|-end|p1a: Betterdonpan|Protosynthesis|[silent]\n|\n|win|RhymzVGC\n|raw|crater68's rating: 1015 → 1004<\/strong> (-11 for losing)\n|raw|RhymzVGC's rating: 1045 → 1075<\/strong> (+30 for winning)\n|l|\u2606crater68\n","uploadtime":1683960530,"views":12,"p1id":"crater68","p2id":"rhymzvgc","formatid":"gen9vgc2023regulationc","rating":1004,"private":0,"password":""}