{"id":"gen9vgc2023regulationc-1846207240","p1":"LimeadeGuy","p2":"fddggfgf","format":"[Gen 9] VGC 2023 Regulation C","log":"|j|\u2606LimeadeGuy\n|j|\u2606fddggfgf\n|t:|1681821226\n|gametype|doubles\n|player|p1|LimeadeGuy|gentleman-gen4|1036\n|player|p2|fddggfgf|ethan|1035\n|teamsize|p1|6\n|teamsize|p2|6\n|gen|9\n|tier|[Gen 9] VGC 2023 Regulation C\n|rated|\n|rule|Species Clause: Limit one of each Pok\u00e9mon\n|rule|Item Clause: Limit one of each item\n|clearpoke\n|poke|p1|Torkoal, L50, F|\n|poke|p1|Bronzong, L50|\n|poke|p1|Breloom, L50, F|\n|poke|p1|Abomasnow, L50, F|\n|poke|p1|Maushold-Four, L50|\n|poke|p1|Iron Bundle, L50|\n|poke|p2|Amoonguss, L50, F|\n|poke|p2|Flutter Mane, L50|\n|poke|p2|Arcanine, L50, M|\n|poke|p2|Ting-Lu, L50|\n|poke|p2|Palafin, L50, M|\n|poke|p2|Baxcalibur, L50, M|\n|teampreview|4\n|\n|t:|1681821245\n|start\n|switch|p1a: bronzdong v2|Bronzong, L50|100\/100\n|switch|p1b: Fe10|Iron Bundle, L50|100\/100\n|switch|p2a: Arcanine|Arcanine, L50, M|100\/100\n|switch|p2b: Palafin|Palafin, L50, M|100\/100\n|-ability|p2a: Arcanine|Intimidate|boost\n|-unboost|p1a: bronzdong v2|atk|1\n|-unboost|p1b: Fe10|atk|1\n|-enditem|p1b: Fe10|Booster Energy\n|-activate|p1b: Fe10|ability: Quark Drive|[fromitem]\n|-start|p1b: Fe10|quarkdrivespa\n|turn|1\n|inactive|Battle timer is ON: inactive players will automatically lose when time's up. (requested by fddggfgf)\n|\n|t:|1681821272\n|detailschange|p2b: Palafin|Palafin-Hero, L50, M\n|switch|p2b: Baxcalibur|Baxcalibur, L50, M|100\/100\n|move|p1b: Fe10|Freeze-Dry|p2b: Baxcalibur\n|-damage|p2b: Baxcalibur|60\/100\n|move|p2a: Arcanine|Flare Blitz|p1a: bronzdong v2\n|-supereffective|p1a: bronzdong v2\n|-damage|p1a: bronzdong v2|48\/100\n|-damage|p2a: Arcanine|88\/100|[from] Recoil\n|move|p1a: bronzdong v2|Trick Room|p1a: bronzdong v2\n|-fieldstart|move: Trick Room|[of] p1a: bronzdong v2\n|\n|upkeep\n|turn|2\n|inactive|fddggfgf has 30 seconds left.\n|\n|t:|1681821298\n|switch|p2b: Palafin|Palafin-Hero, L50, M|100\/100\n|-activate|p2b: Palafin|ability: Zero to Hero\n|move|p1a: bronzdong v2|Body Slam|p2a: Arcanine\n|-damage|p2a: Arcanine|72\/100\n|move|p2a: Arcanine|Flare Blitz|p1a: bronzdong v2\n|-supereffective|p1a: bronzdong v2\n|-damage|p1a: bronzdong v2|0 fnt\n|faint|p1a: bronzdong v2\n|-damage|p2a: Arcanine|61\/100|[from] Recoil\n|move|p1b: Fe10|Hydro Pump|p2a: Arcanine\n|-supereffective|p2a: Arcanine\n|-damage|p2a: Arcanine|0 fnt\n|faint|p2a: Arcanine\n|\n|upkeep\n|inactive|fddggfgf has 30 seconds left.\n|\n|t:|1681821326\n|switch|p1a: BIG MAN|Torkoal, L50, F|100\/100\n|switch|p2a: Baxcalibur|Baxcalibur, L50, M|60\/100\n|-weather|SunnyDay|[from] ability: Drought|[of] p1a: BIG MAN\n|turn|3\n|inactive|fddggfgf has 30 seconds left.\n|\n|t:|1681821354\n|-terastallize|p1a: BIG MAN|Fire\n|move|p2a: Baxcalibur|Protect|p2a: Baxcalibur\n|-singleturn|p2a: Baxcalibur|Protect\n|move|p2b: Palafin|Jet Punch|p1a: BIG MAN\n|-supereffective|p1a: BIG MAN\n|-damage|p1a: BIG MAN|59\/100\n|move|p1a: BIG MAN|Eruption|p2b: Palafin|[spread] p2b\n|-activate|p2a: Baxcalibur|move: Protect\n|-resisted|p2b: Palafin\n|-damage|p2b: Palafin|59\/100\n|move|p1b: Fe10|Freeze-Dry|p2b: Palafin\n|-supereffective|p2b: Palafin\n|-damage|p2b: Palafin|0 fnt\n|faint|p2b: Palafin\n|\n|-weather|SunnyDay|[upkeep]\n|upkeep\n|\n|t:|1681821368\n|switch|p2b: Flutter Mane|Flutter Mane, L50|100\/100\n|-activate|p2b: Flutter Mane|ability: Protosynthesis\n|-start|p2b: Flutter Mane|protosynthesisspe\n|turn|4\n|\n|t:|1681821389\n|-terastallize|p2b: Flutter Mane|Fairy\n|move|p1a: BIG MAN|Eruption|p2b: Flutter Mane|[spread] p2a,p2b\n|-damage|p2a: Baxcalibur|0 fnt\n|-damage|p2b: Flutter Mane|10\/100\n|faint|p2a: Baxcalibur\n|move|p1b: Fe10|Hyper Beam|p2b: Flutter Mane\n|-damage|p2b: Flutter Mane|0 fnt\n|-mustrecharge|p1b: Fe10\n|faint|p2b: Flutter Mane\n|-end|p2b: Flutter Mane|Protosynthesis|[silent]\n|\n|win|LimeadeGuy\n|raw|LimeadeGuy's rating: 1036 → 1071<\/strong> (+35 for winning)\n|raw|fddggfgf's rating: 1035 → 1020<\/strong> (-15 for losing)\n","uploadtime":1681821401,"views":7,"p1id":"limeadeguy","p2id":"fddggfgf","formatid":"gen9vgc2023regulationc","rating":1020,"private":0,"password":""}