{"id":"gen9vgc2023regulationc-1855467763","p1":"TimidTailwind","p2":"Gianmuflone","format":"[Gen 9] VGC 2023 Regulation C","log":"|j|\u2606TimidTailwind\n|j|\u2606Gianmuflone\n|t:|1682954168\n|gametype|doubles\n|player|p1|TimidTailwind|rocketgruntf|\n|player|p2|Gianmuflone|cyclist|\n|teamsize|p1|6\n|teamsize|p2|6\n|gen|9\n|tier|[Gen 9] VGC 2023 Regulation C\n|rated|Tournament battle\n|rule|Species Clause: Limit one of each Pok\u00e9mon\n|rule|Item Clause: Limit one of each item\n|clearpoke\n|poke|p1|Ting-Lu, L50|\n|poke|p1|Iron Bundle, L50|\n|poke|p1|Abomasnow, L50, M|\n|poke|p1|Glaceon, L50, F|\n|poke|p1|Ceruledge, L50, M|\n|poke|p1|Vivillon-Polar, L50, F|\n|poke|p2|Iron Hands, L50|\n|poke|p2|Iron Bundle, L50|\n|poke|p2|Ting-Lu, L50|\n|poke|p2|Amoonguss, L50, F|\n|poke|p2|Gyarados, L50, F|\n|poke|p2|Flutter Mane, L50|\n|teampreview|4\n|raw| Open Team Sheet for TimidTailwind<\/summary>Unbending (Ting-Lu) @ Choice Band Ability: Vessel of Ruin Level: 50 Tera Type: Ground - Earthquake - Rock Slide - Throat Chop - Stomping Tantrum Frozen Flares (Iron Bundle) @ Booster Energy Ability: Quark Drive Level: 50 Tera Type: Ice - Blizzard - Hydro Pump - Aurora Veil - Protect The Storm (Abomasnow) @ Life Orb Ability: Snow Warning Level: 50 Shiny: Yes Tera Type: Water - Blizzard - Energy Ball - Ice Shard - Protect Snowcat (Glaceon) @ Assault Vest Ability: Snow Cloak Level: 50 Shiny: Yes Tera Type: Fire - Freeze-Dry - Tera Blast - Blizzard - Chilling Water Pure Vessel (Ceruledge) @ Clear Amulet Ability: Flash Fire Level: 50 Tera Type: Grass - Shadow Claw - Bitter Blade - Shadow Sneak - Tera Blast Chasing Winds (Vivillon-Polar) @ Focus Sash Ability: Friend Guard Level: 50 Tera Type: Ghost - Pollen Puff - Safeguard - Rage Powder - Protect <\/details><\/div> Open Team Sheet for Gianmuflone<\/summary>Iron Hands @ Safety Goggles Ability: Quark Drive Level: 50 Tera Type: Fire - Detect - Drain Punch - Wild Charge - Swords Dance Iron Bundle @ Focus Sash Ability: Quark Drive Level: 50 Tera Type: Ghost - Freeze-Dry - Hydro Pump - Encore - Protect Ting-Lu @ Assault Vest Ability: Vessel of Ruin Level: 50 Tera Type: Ground - Stomping Tantrum - Ruination - Heavy Slam - Earthquake Amoonguss @ Sitrus Berry Ability: Regenerator Level: 50 Tera Type: Water - Pollen Puff - Spore - Rage Powder - Clear Smog Gyarados @ Aguav Berry Ability: Intimidate Level: 50 Tera Type: Steel - Waterfall - Chilling Water - Taunt - Thunder Wave Crinealato (Flutter Mane) @ Booster Energy Ability: Protosynthesis Level: 50 Tera Type: Fairy - Shadow Ball - Moonblast - Dazzling Gleam - Protect <\/details><\/div>\n|inactive|Battle timer is ON: inactive players will automatically lose when time's up. (requested by TimidTailwind)\n|inactive|TimidTailwind has 60 seconds left.\n|inactive|Gianmuflone has 60 seconds left.\n|inactive|TimidTailwind has 30 seconds left.\n|inactive|Gianmuflone has 30 seconds left.\n|\n|t:|1682954229\n|start\n|switch|p1a: Chasing Winds|Vivillon-Polar, L50, F|100\/100\n|switch|p1b: Unbending|Ting-Lu, L50|100\/100\n|switch|p2a: Gyarados|Gyarados, L50, F|100\/100\n|switch|p2b: Iron Hands|Iron Hands, L50|100\/100\n|-ability|p2a: Gyarados|Intimidate|boost\n|-unboost|p1a: Chasing Winds|atk|1\n|-unboost|p1b: Unbending|atk|1\n|-ability|p1b: Unbending|Vessel of Ruin\n|turn|1\n|\n|t:|1682954249\n|move|p2b: Iron Hands|Detect|p2b: Iron Hands\n|-singleturn|p2b: Iron Hands|Protect\n|move|p1a: Chasing Winds|Safeguard|p1a: Chasing Winds\n|-sidestart|p1: TimidTailwind|Safeguard\n|move|p2a: Gyarados|Chilling Water|p1b: Unbending\n|-supereffective|p1b: Unbending\n|-damage|p1b: Unbending|91\/100\n|-unboost|p1b: Unbending|atk|1\n|move|p1b: Unbending|Stomping Tantrum|p2b: Iron Hands\n|-activate|p2b: Iron Hands|move: Protect\n|\n|upkeep\n|turn|2\n|\n|t:|1682954266\n|switch|p1b: Snowcat|Glaceon, L50, F, shiny|100\/100\n|move|p1a: Chasing Winds|Protect|p1a: Chasing Winds\n|-singleturn|p1a: Chasing Winds|Protect\n|move|p2a: Gyarados|Waterfall|p1b: Snowcat\n|-damage|p1b: Snowcat|74\/100\n|move|p2b: Iron Hands|Drain Punch|p1b: Snowcat\n|-supereffective|p1b: Snowcat\n|-damage|p1b: Snowcat|17\/100\n|\n|upkeep\n|turn|3\n|j| choicebadkyurem\n|c| choicebadkyurem|Glacepomj\n|inactive|Gianmuflone has 30 seconds left.\n|inactive|Gianmuflone has 20 seconds left.\n|inactive|Gianmuflone has 15 seconds left.\n|inactive|Gianmuflone has 10 seconds left.\n|j| ptelzcra\n|inactive|Gianmuflone has 5 seconds left.\n|\n|t:|1682954319\n|move|p1a: Chasing Winds|Rage Powder|p1a: Chasing Winds\n|-singleturn|p1a: Chasing Winds|move: Rage Powder\n|move|p2a: Gyarados|Waterfall|p1a: Chasing Winds\n|-damage|p1a: Chasing Winds|25\/100\n|move|p1b: Snowcat|Freeze-Dry|p2a: Gyarados\n|-supereffective|p2a: Gyarados\n|-damage|p2a: Gyarados|0 fnt\n|faint|p2a: Gyarados\n|move|p2b: Iron Hands|Wild Charge|p1a: Chasing Winds\n|-supereffective|p1a: Chasing Winds\n|-damage|p1a: Chasing Winds|0 fnt\n|faint|p1a: Chasing Winds\n|-damage|p2b: Iron Hands|96\/100|[from] Recoil\n|\n|upkeep\n|\n|t:|1682954330\n|switch|p1a: Unbending|Ting-Lu, L50|91\/100\n|switch|p2a: Iron Bundle|Iron Bundle, L50|100\/100\n|-ability|p1a: Unbending|Vessel of Ruin\n|turn|4\n|\n|t:|1682954346\n|move|p2b: Iron Hands|Detect|p2b: Iron Hands\n|-singleturn|p2b: Iron Hands|Protect\n|move|p2a: Iron Bundle|Freeze-Dry|p1a: Unbending\n|-supereffective|p1a: Unbending\n|-damage|p1a: Unbending|41\/100\n|move|p1b: Snowcat|Freeze-Dry|p2a: Iron Bundle\n|-damage|p2a: Iron Bundle|36\/100\n|move|p1a: Unbending|Earthquake|p2a: Iron Bundle|[spread] p1b,p2a\n|-activate|p2b: Iron Hands|move: Protect\n|-damage|p1b: Snowcat|0 fnt\n|-damage|p2a: Iron Bundle|0 fnt\n|faint|p1b: Snowcat\n|faint|p2a: Iron Bundle\n|-end|p2a: Iron Bundle|Quark Drive|[silent]\n|\n|upkeep\n|\n|t:|1682954355\n|switch|p2a: Crinealato|Flutter Mane, L50|100\/100\n|switch|p1b: Pure Vessel|Ceruledge, L50, M|100\/100\n|-enditem|p2a: Crinealato|Booster Energy\n|-activate|p2a: Crinealato|ability: Protosynthesis|[fromitem]\n|-start|p2a: Crinealato|protosynthesisspa\n|turn|5\n|\n|t:|1682954366\n|-terastallize|p2a: Crinealato|Fairy\n|-terastallize|p1a: Unbending|Ground\n|move|p1b: Pure Vessel|Shadow Sneak|p2b: Iron Hands\n|-damage|p2b: Iron Hands|83\/100\n|move|p2a: Crinealato|Dazzling Gleam|p1a: Unbending|[spread] p1a,p1b\n|-resisted|p1b: Pure Vessel\n|-damage|p1a: Unbending|2\/100\n|-damage|p1b: Pure Vessel|78\/100\n|move|p1a: Unbending|Earthquake|p2b: Iron Hands|[spread] p1b,p2a,p2b\n|-supereffective|p1b: Pure Vessel\n|-supereffective|p2b: Iron Hands\n|-damage|p1b: Pure Vessel|0 fnt\n|-damage|p2a: Crinealato|0 fnt\n|-damage|p2b: Iron Hands|0 fnt\n|faint|p1b: Pure Vessel\n|faint|p2a: Crinealato\n|-end|p2a: Crinealato|Protosynthesis|[silent]\n|faint|p2b: Iron Hands\n|-end|p2b: Iron Hands|Quark Drive|[silent]\n|\n|win|TimidTailwind\n|n|\u2606TimidTailwind|timidtailwind\n|n|\u2606Gianmuflone|gianmuflone\n|n| choicebadkyurem|choicebadkyurem\n|n| ptelzcra|ptelzcra\n","uploadtime":1682954380,"views":20,"p1id":"timidtailwind","p2id":"gianmuflone","formatid":"gen9vgc2023regulationc","rating":0,"private":0,"password":""}