{"id":"gen9vgc2023regulationc-1863275162","p1":"killakyzr","p2":"CluelessGamer18","format":"[Gen 9] VGC 2023 Regulation C","log":"|j|\u2606killakyzr\n|j|\u2606CluelessGamer18\n|t:|1683996671\n|gametype|doubles\n|player|p1|killakyzr|2|\n|player|p2|CluelessGamer18|102|\n|teamsize|p1|6\n|teamsize|p2|6\n|gen|9\n|tier|[Gen 9] VGC 2023 Regulation C\n|rule|Species Clause: Limit one of each Pok\u00e9mon\n|rule|Item Clause: Limit one of each item\n|clearpoke\n|poke|p1|Skeledirge, L50, F|\n|poke|p1|Jumpluff, L50, M|\n|poke|p1|Gholdengo, L50|\n|poke|p1|Maushold, L50|\n|poke|p1|Annihilape, L50, M|\n|poke|p1|Lycanroc, L50, F|\n|poke|p2|Volcarona, L50, M|\n|poke|p2|Mimikyu, L50, M|\n|poke|p2|Krookodile, L50, F|\n|poke|p2|Weavile, L50, M|\n|poke|p2|Corviknight, L50, M|\n|poke|p2|Slither Wing, L50|\n|teampreview|4\n|inactive|Battle timer is ON: inactive players will automatically lose when time's up. (requested by killakyzr)\n|j| SuperToad916\nkillakyzr has agreed to open team sheets.\n|j| lethalpilot\n|inactive|CluelessGamer18 has 60 seconds left.\n|inactive|CluelessGamer18 has 30 seconds left.\n|inactive|CluelessGamer18 has 20 seconds left.\n|\n|t:|1683996744\n|start\n|switch|p1a: Gholdengo|Gholdengo, L50|100\/100\n|switch|p1b: Skeledirge|Skeledirge, L50, F|100\/100\n|switch|p2a: Mimikyu|Mimikyu, L50, M|100\/100\n|switch|p2b: Krookodile|Krookodile, L50, F|100\/100\n|-ability|p2b: Krookodile|Intimidate|boost\n|-unboost|p1a: Gholdengo|atk|1\n|-unboost|p1b: Skeledirge|atk|1\n|turn|1\n|inactive|CluelessGamer18 has 30 seconds left.\n|\n|t:|1683996778\n|-terastallize|p1a: Gholdengo|Steel\n|move|p2b: Krookodile|Earthquake|p1a: Gholdengo|[spread] p2a,p1a,p1b\n|-supereffective|p1a: Gholdengo\n|-supereffective|p1b: Skeledirge\n|-activate|p2a: Mimikyu|ability: Disguise\n|-damage|p2a: Mimikyu|100\/100\n|-damage|p1a: Gholdengo|0 fnt\n|-damage|p1b: Skeledirge|15\/100\n|detailschange|p2a: Mimikyu|Mimikyu-Busted, L50, M\n|-damage|p2a: Mimikyu|88\/100|[from] pokemon: Mimikyu-Busted\n|-enditem|p1b: Skeledirge|Aguav Berry|[eat]\n|-heal|p1b: Skeledirge|48\/100|[from] item: Aguav Berry\n|faint|p1a: Gholdengo\n|move|p2a: Mimikyu|Shadow Claw|p1b: Skeledirge\n|-supereffective|p1b: Skeledirge\n|-damage|p1b: Skeledirge|0 fnt\n|faint|p1b: Skeledirge\n|-damage|p2a: Mimikyu|78\/100|[from] item: Life Orb\n|\n|upkeep\n|\n|t:|1683996786\n|switch|p1a: Annihilape|Annihilape, L50, M|100\/100\n|switch|p1b: Maushold|Maushold, L50|100\/100\n|turn|2\n|inactive|CluelessGamer18 has 30 seconds left.\n|\n|t:|1683996815\n|switch|p2b: Slither Wing|Slither Wing, L50|100\/100\n|-terastallize|p2a: Mimikyu|Fairy\n|move|p1b: Maushold|Beat Up|p1a: Annihilape\n|-damage|p1a: Annihilape|99\/100\n|-damage|p1a: Annihilape|97\/100\n|-hitcount|p1a: Annihilape|2\n|move|p2a: Mimikyu|Play Rough|p1a: Annihilape\n|-supereffective|p1a: Annihilape\n|-damage|p1a: Annihilape|0 fnt\n|faint|p1a: Annihilape\n|-damage|p2a: Mimikyu|68\/100|[from] item: Life Orb\n|\n|upkeep\n|turn|3\n|\n|t:|1683996832\n|move|p1b: Maushold|Chilling Water|p2b: Slither Wing\n|-damage|p2b: Slither Wing|94\/100\n|-unboost|p2b: Slither Wing|atk|1\n|move|p2a: Mimikyu|Play Rough|p1b: Maushold\n|-damage|p1b: Maushold|10\/100\n|-damage|p2a: Mimikyu|59\/100|[from] item: Life Orb\n|move|p2b: Slither Wing|Close Combat|p1b: Maushold\n|-supereffective|p1b: Maushold\n|-damage|p1b: Maushold|0 fnt\n|-unboost|p2b: Slither Wing|def|1\n|-unboost|p2b: Slither Wing|spd|1\n|faint|p1b: Maushold\n|\n|win|CluelessGamer18\n|l|\u2606killakyzr\n","uploadtime":1683996847,"views":9,"p1id":"killakyzr","p2id":"cluelessgamer18","formatid":"gen9vgc2023regulationc","rating":0,"private":0,"password":""}