{"id":"gen9vgc2023regulationc-1857215014","p1":"LightningLucario","p2":"lethalpilot","format":"[Gen 9] VGC 2023 Regulation C","log":"|j|\u2606LightningLucario\n|j|\u2606lethalpilot\n|t:|1683158979\n|gametype|doubles\n|player|p1|LightningLucario|170|\n|player|p2|lethalpilot|swimmer-gen4|\n|teamsize|p1|6\n|teamsize|p2|6\n|gen|9\n|tier|[Gen 9] VGC 2023 Regulation C\n|rule|Species Clause: Limit one of each Pok\u00e9mon\n|rule|Item Clause: Limit one of each item\n|clearpoke\n|poke|p1|Zoroark, L50, M|\n|poke|p1|Azumarill, L50, M|\n|poke|p1|Toxapex, L50, F|\n|poke|p1|Tyranitar, L50, F|\n|poke|p1|Gallade, L50, M|\n|poke|p1|Flutter Mane, L50|\n|poke|p2|Murkrow, L50, M|\n|poke|p2|Brambleghast, L50, M|\n|poke|p2|Espeon, L50, M|\n|poke|p2|Hawlucha, L50, M|\n|poke|p2|Amoonguss, L50, M|\n|poke|p2|Arcanine, L50, M|\n|teampreview|4\n|j| tomciv20\n|inactive|Battle timer is ON: inactive players will automatically lose when time's up. (requested by lethalpilot)\nlethalpilot rejected open team sheets.\n|\n|t:|1683159016\n|start\n|switch|p1a: Butter Spain|Flutter Mane, L50|100\/100\n|switch|p1b: Tyrunt.|Tyranitar, L50, F, shiny|100\/100\n|switch|p2a: TomKrow|Murkrow, L50, M|100\/100\n|switch|p2b: Rick|Brambleghast, L50, M|100\/100\n|-weather|Sandstorm|[from] ability: Sand Stream|[of] p1b: Tyrunt.\n|turn|1\n|inactive|lethalpilot has 30 seconds left.\n|\n|t:|1683159048\n|-terastallize|p2b: Rick|Ghost\n|move|p1a: Butter Spain|Sucker Punch|p2b: Rick\n|-supereffective|p2b: Rick\n|-enditem|p2b: Rick|Focus Sash\n|-damage|p2b: Rick|1\/100\n|-damage|p1a: Butter Spain|91\/100|[from] item: Life Orb\n|move|p2a: TomKrow|Tailwind|p2a: TomKrow\n|-sidestart|p2: lethalpilot|move: Tailwind\n|-ability|p2b: Rick|Wind Rider|boost\n|-boost|p2b: Rick|atk|1\n|move|p2b: Rick|Tera Blast|p1a: Butter Spain\n|-resisted|p1a: Butter Spain\n|-damage|p1a: Butter Spain|12\/100\n|replace|p1a: Zork|Zoroark, L50, M, shiny\n|-end|p1a: Zork|Illusion\n|move|p1b: Tyrunt.|Stone Edge|p2a: TomKrow\n|-supereffective|p2a: TomKrow\n|-damage|p2a: TomKrow|0 fnt\n|faint|p2a: TomKrow\n|\n|-weather|Sandstorm|[upkeep]\n|-damage|p2b: Rick|0 fnt|[from] Sandstorm\n|-damage|p1a: Zork|6\/100|[from] Sandstorm\n|faint|p2b: Rick\n|upkeep\n|\n|t:|1683159067\n|switch|p2b: Joey Ditavi Boobs|Arcanine, L50, M|100\/100\n|switch|p2a: Flying Monkey|Hawlucha, L50, M, shiny|100\/100\n|-ability|p2a: Flying Monkey|Mold Breaker\n|-ability|p2b: Joey Ditavi Boobs|Intimidate|boost\n|-unboost|p1a: Zork|atk|1\n|-unboost|p1b: Tyrunt.|atk|1\n|turn|2\n|inactive|LightningLucario has 30 seconds left.\n|inactive|LightningLucario has 20 seconds left.\n|inactive|LightningLucario has 15 seconds left.\n|inactive|LightningLucario has 10 seconds left.\n|inactive|LightningLucario has 5 seconds left.\n|\n|t:|1683159118\n|move|p1a: Zork|Protect|p1a: Zork\n|-singleturn|p1a: Zork|Protect\n|move|p2b: Joey Ditavi Boobs|Extreme Speed|p1a: Zork\n|-activate|p1a: Zork|move: Protect\n|move|p2a: Flying Monkey|Close Combat|p1b: Tyrunt.\n|-supereffective|p1b: Tyrunt.\n|-damage|p1b: Tyrunt.|0 fnt\n|-unboost|p2a: Flying Monkey|def|1\n|-unboost|p2a: Flying Monkey|spd|1\n|faint|p1b: Tyrunt.\n|\n|-weather|Sandstorm|[upkeep]\n|-damage|p2a: Flying Monkey|95\/100|[from] Sandstorm\n|-damage|p1a: Zork|0 fnt|[from] Sandstorm\n|faint|p1a: Zork\n|upkeep\n|\n|t:|1683159134\n|switch|p1a: Doomer|Azumarill, L50, M, shiny|100\/100\n|switch|p1b: Butter Spain|Flutter Mane, L50|100\/100\n|turn|3\n|inactive|lethalpilot has 30 seconds left.\n|\n|t:|1683159160\n|move|p1a: Doomer|Aqua Jet|p2b: Joey Ditavi Boobs\n|-supereffective|p2b: Joey Ditavi Boobs\n|-damage|p2b: Joey Ditavi Boobs|5\/100\n|move|p2a: Flying Monkey|Thunder Punch|p1a: Doomer\n|-supereffective|p1a: Doomer\n|-damage|p1a: Doomer|44\/100\n|move|p2b: Joey Ditavi Boobs|Flare Blitz|p1b: Butter Spain\n|-damage|p1b: Butter Spain|0 fnt\n|faint|p1b: Butter Spain\n|-end|p1b: Butter Spain|Protosynthesis|[silent]\n|-damage|p2b: Joey Ditavi Boobs|0 fnt|[from] Recoil\n|faint|p2b: Joey Ditavi Boobs\n|\n|-weather|Sandstorm|[upkeep]\n|-damage|p2a: Flying Monkey|89\/100|[from] Sandstorm\n|-damage|p1a: Doomer|37\/100|[from] Sandstorm\n|upkeep\n|turn|4\n|\n|t:|1683159177\n|-terastallize|p1a: Doomer|Psychic\n|move|p1a: Doomer|Aqua Jet|p2a: Flying Monkey\n|-damage|p2a: Flying Monkey|0 fnt\n|faint|p2a: Flying Monkey\n|\n|win|LightningLucario\n|l|\u2606lethalpilot\n|l|\u2606LightningLucario\n","uploadtime":1683159646,"views":17,"p1id":"lightninglucario","p2id":"lethalpilot","formatid":"gen9vgc2023regulationc","rating":0,"private":0,"password":""}