{"id":"gen9vgc2023regulationc-1859658835","p1":"Rafiantblue","p2":"CoolPa","format":"[Gen 9] VGC 2023 Regulation C","log":"|j|\u2606Rafiantblue\n|j|\u2606CoolPa\n|t:|1683553541\n|gametype|doubles\n|player|p1|Rafiantblue|170|1040\n|player|p2|CoolPa|169|1089\n|teamsize|p1|6\n|teamsize|p2|6\n|gen|9\n|tier|[Gen 9] VGC 2023 Regulation C\n|rated|\n|rule|Species Clause: Limit one of each Pok\u00e9mon\n|rule|Item Clause: Limit one of each item\n|clearpoke\n|poke|p1|Slaking, L50, F|\n|poke|p1|Torkoal, L50, M|\n|poke|p1|Oranguru, L50, F|\n|poke|p1|Sableye, L50, F|\n|poke|p1|Roaring Moon, L50|\n|poke|p1|Brute Bonnet, L50|\n|poke|p2|Amoonguss, L50, F|\n|poke|p2|Ting-Lu, L50|\n|poke|p2|Arcanine, L50, F|\n|poke|p2|Altaria, L50, M|\n|poke|p2|Flutter Mane, L50|\n|poke|p2|Roaring Moon, L50|\n|teampreview|4\n|\n|t:|1683553573\n|start\n|switch|p1a: Oranguru|Oranguru, L50, F|100\/100\n|switch|p1b: Sableye|Sableye, L50, F|100\/100\n|switch|p2a: Altaria|Altaria, L50, M|100\/100\n|switch|p2b: Arcanine|Arcanine, L50, F|100\/100\n|-ability|p2b: Arcanine|Intimidate|boost\n|-fail|p1a: Oranguru|unboost|Attack|[from] ability: Inner Focus|[of] p1a: Oranguru\n|-unboost|p1b: Sableye|atk|1\n|-ability|p2a: Altaria|Cloud Nine\n|turn|1\n|inactive|Battle timer is ON: inactive players will automatically lose when time's up. (requested by Rafiantblue)\n|\n|t:|1683553594\n|move|p1b: Sableye|Fake Out|p2a: Altaria\n|-damage|p2a: Altaria|97\/100\n|move|p2b: Arcanine|Flare Blitz|p1b: Sableye\n|-damage|p1b: Sableye|18\/100\n|-status|p1b: Sableye|brn\n|-damage|p2b: Arcanine|79\/100|[from] Recoil\n|-enditem|p1b: Sableye|Eject Button\n|\n|t:|1683553607\n|switch|p1b: Torkoal|Torkoal, L50, M|100\/100\n|-weather|SunnyDay|[from] ability: Drought|[of] p1b: Torkoal\n|cant|p2a: Altaria|flinch\n|move|p1a: Oranguru|Trick Room|p1a: Oranguru\n|-fieldstart|move: Trick Room|[of] p1a: Oranguru\n|\n|-weather|SunnyDay|[upkeep]\n|upkeep\n|turn|2\n|\n|t:|1683553630\n|-terastallize|p1b: Torkoal|Fire\n|move|p1b: Torkoal|Eruption|p2a: Altaria|[spread] p2a,p2b\n|-resisted|p2a: Altaria\n|-resisted|p2b: Arcanine\n|-damage|p2a: Altaria|60\/100\n|-damage|p2b: Arcanine|37\/100\n|-enditem|p2b: Arcanine|Sitrus Berry|[eat]\n|-heal|p2b: Arcanine|61\/100|[from] item: Sitrus Berry\n|move|p1a: Oranguru|Instruct|p1b: Torkoal\n|-singleturn|p1b: Torkoal|move: Instruct|[of] p1a: Oranguru\n|move|p1b: Torkoal|Eruption|p2a: Altaria|[spread] p2a,p2b\n|-resisted|p2a: Altaria\n|-resisted|p2b: Arcanine\n|-damage|p2a: Altaria|25\/100\n|-damage|p2b: Arcanine|24\/100\n|move|p2a: Altaria|Hurricane|p1b: Torkoal\n|-damage|p1b: Torkoal|65\/100\n|-start|p1b: Torkoal|confusion\n|move|p2b: Arcanine|Flare Blitz|p1a: Oranguru\n|-damage|p1a: Oranguru|37\/100\n|-damage|p2b: Arcanine|4\/100|[from] Recoil\n|\n|-weather|SunnyDay|[upkeep]\n|upkeep\n|turn|3\n|inactive|Rafiantblue has 30 seconds left.\n|inactive|CoolPa has 30 seconds left.\n|\n|t:|1683553661\n|switch|p2a: Ting-Lu|Ting-Lu, L50|100\/100\n|-ability|p2a: Ting-Lu|Vessel of Ruin\n|move|p2b: Arcanine|Protect|p2b: Arcanine\n|-singleturn|p2b: Arcanine|Protect\n|-activate|p1b: Torkoal|confusion\n|move|p1b: Torkoal|Eruption|p2a: Ting-Lu|[spread] p2a\n|-activate|p2b: Arcanine|move: Protect\n|-damage|p2a: Ting-Lu|75\/100\n|move|p1a: Oranguru|Instruct|p1b: Torkoal\n|-singleturn|p1b: Torkoal|move: Instruct|[of] p1a: Oranguru\n|-activate|p1b: Torkoal|confusion\n|move|p1b: Torkoal|Eruption|p2b: Arcanine|[spread] p2a\n|-activate|p2b: Arcanine|move: Protect\n|-damage|p2a: Ting-Lu|51\/100\n|\n|-weather|SunnyDay|[upkeep]\n|upkeep\n|turn|4\n|inactive|Rafiantblue has 30 seconds left.\n|inactive|CoolPa has 30 seconds left.\n|inactive|CoolPa has 20 seconds left.\n|inactive|CoolPa has 15 seconds left.\n|inactive|CoolPa has 10 seconds left.\n|\n|t:|1683553709\n|-end|p1b: Torkoal|confusion\n|move|p1b: Torkoal|Eruption|p2b: Arcanine|[spread] p2a,p2b\n|-resisted|p2b: Arcanine\n|-damage|p2a: Ting-Lu|26\/100\n|-damage|p2b: Arcanine|0 fnt\n|faint|p2b: Arcanine\n|move|p1a: Oranguru|Instruct|p1b: Torkoal\n|-singleturn|p1b: Torkoal|move: Instruct|[of] p1a: Oranguru\n|move|p1b: Torkoal|Eruption|p2a: Ting-Lu\n|-damage|p2a: Ting-Lu|0 fnt\n|faint|p2a: Ting-Lu\n|\n|-weather|SunnyDay|[upkeep]\n|upkeep\n|-message|CoolPa forfeited.\n|\n|win|Rafiantblue\n|raw|Rafiantblue's rating: 1040 → 1079<\/strong> (+39 for winning)\n|raw|CoolPa's rating: 1089 → 1062<\/strong> (-27 for losing)\n|l|\u2606CoolPa\n","uploadtime":1683553735,"views":6,"p1id":"rafiantblue","p2id":"coolpa","formatid":"gen9vgc2023regulationc","rating":1062,"private":0,"password":""}