{"id":"gen9vgc2023regulationc-1862952210","p1":"SpadesHS","p2":"P OMEGALUL L","format":"[Gen 9] VGC 2023 Regulation C","log":"|j|\u2606SpadesHS\n|j|\u2606P OMEGALUL L\n|inactive|Battle timer is ON: inactive players will automatically lose when time's up.\n|t:|1683943035\n|gametype|doubles\n|player|p1|SpadesHS|n|\n|player|p2|P OMEGALUL L|1|\n|teamsize|p1|6\n|teamsize|p2|6\n|gen|9\n|tier|[Gen 9] VGC 2023 Regulation C\n|rated|Tournament battle\n|rule|Species Clause: Limit one of each Pok\u00e9mon\n|rule|Item Clause: Limit one of each item\n|clearpoke\n|poke|p1|Great Tusk, L50|\n|poke|p1|Talonflame, L50, F|\n|poke|p1|Iron Bundle, L50|\n|poke|p1|Chi-Yu, L50|\n|poke|p1|Tyranitar, L50, F|\n|poke|p1|Amoonguss, L50, F|\n|poke|p2|Pelipper, L50, M|\n|poke|p2|Azumarill, L50, F|\n|poke|p2|Amoonguss, L50, M|\n|poke|p2|Flutter Mane, L50|\n|poke|p2|Arcanine, L50, M|\n|poke|p2|Iron Hands, L50|\n|teampreview|4\n|raw| Open Team Sheet for SpadesHS<\/summary>Tuskar (Great Tusk) @ Choice Scarf Ability: Protosynthesis Level: 50 Hidden Power: Fighting Tera Type: Fire - Headlong Rush - Close Combat - Earthquake - Rock Slide Firebird (Talonflame) @ Safety Goggles Ability: Gale Wings Level: 50 Tera Type: Ghost - Brave Bird - Tailwind - Taunt - Will-O-Wisp RobotChicken (Iron Bundle) @ Booster Energy Ability: Quark Drive Level: 50 Tera Type: Ghost - Freeze-Dry - Icy Wind - Hydro Pump - Protect Smiles Back (Chi-Yu) @ Choice Specs Ability: Beads of Ruin Level: 50 Tera Type: Water - Heat Wave - Tera Blast - Dark Pulse - Flamethrower The Thing (Tyranitar) @ Assault Vest Ability: Sand Stream Level: 50 Tera Type: Flying - Rock Slide - Tera Blast - Crunch - Low Kick Imposter (Amoonguss) @ Rocky Helmet Ability: Regenerator Level: 50 Tera Type: Water - Spore - Rage Powder - Pollen Puff - Clear Smog <\/details><\/div> Open Team Sheet for P OMEGALUL L<\/summary>Pelipper @ Focus Sash Ability: Drizzle Level: 50 Tera Type: Water - Hydro Pump - Hurricane - Tailwind - Protect Azumarill @ Life Orb Ability: Huge Power Level: 50 Tera Type: Water - Aqua Jet - Liquidation - Play Rough - Protect Amoonguss @ Sitrus Berry Ability: Regenerator Level: 50 Tera Type: Water - Pollen Puff - Rage Powder - Spore - Protect Flutter Mane @ Booster Energy Ability: Protosynthesis Level: 50 Tera Type: Fairy - Moonblast - Shadow Ball - Trick Room - Protect Arcanine @ Safety Goggles Ability: Intimidate Level: 50 Tera Type: Flying - Flare Blitz - Howl - Will-O-Wisp - Protect Iron Hands @ Assault Vest Ability: Quark Drive Level: 50 Tera Type: Grass - Wild Charge - Drain Punch - Heavy Slam - Fake Out <\/details><\/div>\n|c|\u2606P OMEGALUL L|gl hf o\/\n|j| ILoveSaki\n|j| Radio Free C-Side\n|c|\u2606SpadesHS|gl\n|j| Kpilkington\n|inactive|SpadesHS has 60 seconds left.\n|inactive|P OMEGALUL L has 60 seconds left.\n|j| Purrunga\n|\n|t:|1683943086\n|start\n|switch|p1a: RobotChicken|Iron Bundle, L50|100\/100\n|switch|p1b: Smiles Back|Chi-Yu, L50|100\/100\n|switch|p2a: Arcanine|Arcanine, L50, M|100\/100\n|switch|p2b: Azumarill|Azumarill, L50, F|100\/100\n|-ability|p1b: Smiles Back|Beads of Ruin\n|-ability|p2a: Arcanine|Intimidate|boost\n|-unboost|p1a: RobotChicken|atk|1\n|-unboost|p1b: Smiles Back|atk|1\n|-enditem|p1a: RobotChicken|Booster Energy\n|-activate|p1a: RobotChicken|ability: Quark Drive|[fromitem]\n|-start|p1a: RobotChicken|quarkdrivespe\n|turn|1\n|inactive|P OMEGALUL L has 30 seconds left.\n|\n|t:|1683943111\n|switch|p2a: Iron Hands|Iron Hands, L50|100\/100\n|-terastallize|p1b: Smiles Back|Water\n|move|p2b: Azumarill|Aqua Jet|p1b: Smiles Back\n|-resisted|p1b: Smiles Back\n|-damage|p1b: Smiles Back|80\/100\n|-damage|p2b: Azumarill|91\/100|[from] item: Life Orb\n|move|p1a: RobotChicken|Freeze-Dry|p2b: Azumarill\n|-supereffective|p2b: Azumarill\n|-damage|p2b: Azumarill|0 fnt\n|faint|p2b: Azumarill\n|move|p1b: Smiles Back|Tera Blast|p2a: Iron Hands\n|-damage|p2a: Iron Hands|49\/100\n|\n|upkeep\n|inactive|P OMEGALUL L has 30 seconds left.\n|inactive|P OMEGALUL L has 20 seconds left.\n|inactive|P OMEGALUL L has 15 seconds left.\n|\n|t:|1683943155\n|switch|p2b: Arcanine|Arcanine, L50, M|100\/100\n|-ability|p2b: Arcanine|Intimidate|boost\n|-unboost|p1a: RobotChicken|atk|1\n|-unboost|p1b: Smiles Back|atk|1\n|turn|2\n|\n|t:|1683943167\n|-terastallize|p2a: Iron Hands|Grass\n|move|p2b: Arcanine|Protect|p2b: Arcanine\n|-singleturn|p2b: Arcanine|Protect\n|move|p1a: RobotChicken|Freeze-Dry|p2a: Iron Hands\n|-supereffective|p2a: Iron Hands\n|-damage|p2a: Iron Hands|0 fnt\n|faint|p2a: Iron Hands\n|-end|p2a: Iron Hands|Quark Drive|[silent]\n|move|p1b: Smiles Back|Tera Blast|p2b: Arcanine\n|-activate|p2b: Arcanine|move: Protect\n|\n|upkeep\n|\n|t:|1683943177\n|switch|p2a: Pelipper|Pelipper, L50, M|100\/100\n|-weather|RainDance|[from] ability: Drizzle|[of] p2a: Pelipper\n|turn|3\n|\n|t:|1683943190\n|move|p2b: Arcanine|Protect||[still]\n|-fail|p2b: Arcanine\n|move|p1a: RobotChicken|Freeze-Dry|p2a: Pelipper\n|-supereffective|p2a: Pelipper\n|-enditem|p2a: Pelipper|Focus Sash\n|-damage|p2a: Pelipper|1\/100\n|move|p1b: Smiles Back|Tera Blast|p2b: Arcanine\n|-supereffective|p2b: Arcanine\n|-damage|p2b: Arcanine|0 fnt\n|faint|p2b: Arcanine\n|move|p2a: Pelipper|Hurricane|p1a: RobotChicken\n|-damage|p1a: RobotChicken|0 fnt\n|faint|p1a: RobotChicken\n|-end|p1a: RobotChicken|Quark Drive|[silent]\n|\n|-weather|RainDance|[upkeep]\n|upkeep\n|\n|t:|1683943195\n|switch|p1a: The Thing|Tyranitar, L50, F|100\/100\n|-weather|Sandstorm|[from] ability: Sand Stream|[of] p1a: The Thing\n|turn|4\n|j| WallyTryHard\n|c|\u2606SpadesHS|gg\n|l| WallyTryHard\n|\n|t:|1683943209\n|move|p1b: Smiles Back|Tera Blast|p2a: Pelipper\n|-resisted|p2a: Pelipper\n|-damage|p2a: Pelipper|0 fnt\n|faint|p2a: Pelipper\n|\n|win|SpadesHS\n|n|\u2606SpadesHS|spadeshs\n|n|\u2606P OMEGALUL L|pomegalull\n|n| ILoveSaki|ilovesaki\n|n| Radio Free C-Side|radiofreecside\n|n| Kpilkington|kpilkington\n|n| Purrunga|purrunga\n|l| Radio Free C-Side\n|c|\u2606P OMEGALUL L|ggs\n|l|\u2606P OMEGALUL L\n|l| ILoveSaki\n|n| jfuhuf|kpilkington\n|l| jfuhuf\n","uploadtime":1683943211,"views":9,"p1id":"spadeshs","p2id":"pomegalull","formatid":"gen9vgc2023regulationc","rating":0,"private":0,"password":""}