{"id":"gen9vgc2023regulationc-1864307579","p1":"JamStunna","p2":"RonJohn","format":"[Gen 9] VGC 2023 Regulation C","log":"|j|\u2606JamStunna\n|j|\u2606RonJohn\n|t:|1684153302\n|gametype|doubles\n|player|p1|JamStunna|265|1376\n|player|p2|RonJohn|169|1380\n|teamsize|p1|6\n|teamsize|p2|6\n|gen|9\n|tier|[Gen 9] VGC 2023 Regulation C\n|rated|\n|rule|Species Clause: Limit one of each Pok\u00e9mon\n|rule|Item Clause: Limit one of each item\n|clearpoke\n|poke|p1|Gothitelle, L50, F|\n|poke|p1|Sylveon, L50, F|\n|poke|p1|Roaring Moon, L50|\n|poke|p1|Gengar, L50, M|\n|poke|p1|Azumarill, L50, M|\n|poke|p1|Gothorita, L50, M|\n|poke|p2|Flutter Mane, L50|\n|poke|p2|Orthworm, L50, M|\n|poke|p2|Dragonite, L50, M|\n|poke|p2|Amoonguss, L50, F|\n|poke|p2|Gyarados, L50, F|\n|poke|p2|Ting-Lu, L50|\n|teampreview|4\nRonJohn has agreed to open team sheets.\nJamStunna has agreed to open team sheets.\n|inactive|Battle timer is ON: inactive players will automatically lose when time's up. (requested by JamStunna)\n|inactive|RonJohn has 60 seconds left.\n|\n|t:|1684153381\n|start\n|switch|p1a: Roaring Moon|Roaring Moon, L50|100\/100\n|switch|p1b: Gengar|Gengar, L50, M|100\/100\n|switch|p2a: Ting-Lu|Ting-Lu, L50|100\/100\n|switch|p2b: Orthworm|Orthworm, L50, M|100\/100\n|-ability|p2a: Ting-Lu|Vessel of Ruin\n|-enditem|p1a: Roaring Moon|Booster Energy\n|-activate|p1a: Roaring Moon|ability: Protosynthesis|[fromitem]\n|-start|p1a: Roaring Moon|protosynthesisatk\n|turn|1\n|inactive|JamStunna has 30 seconds left.\n|inactive|RonJohn has 30 seconds left.\n|inactive|JamStunna has 20 seconds left.\n|inactive|JamStunna has 15 seconds left.\n|inactive|JamStunna has 10 seconds left.\n|inactive|JamStunna has 5 seconds left.\n|\n|t:|1684153436\n|move|p1a: Roaring Moon|Dragon Dance|p1a: Roaring Moon\n|-boost|p1a: Roaring Moon|atk|1\n|-boost|p1a: Roaring Moon|spe|1\n|move|p1b: Gengar|Sludge Bomb|p2a: Ting-Lu\n|-resisted|p2a: Ting-Lu\n|-damage|p2a: Ting-Lu|91\/100\n|move|p2a: Ting-Lu|Earthquake|p1b: Gengar|[spread] p1a,p1b\n|-immune|p2b: Orthworm|[from] ability: Earth Eater\n|-supereffective|p1b: Gengar\n|-damage|p1a: Roaring Moon|52\/100\n|-enditem|p1b: Gengar|Focus Sash\n|-damage|p1b: Gengar|1\/100\n|-start|p2a: Ting-Lu|Disable|Earthquake|[from] ability: Cursed Body|[of] p1b: Gengar\n|move|p2b: Orthworm|Shed Tail|p2b: Orthworm\n|-start|p2b: Orthworm|Substitute|[from] move: Shed Tail\n|-damage|p2b: Orthworm|50\/100\n|-enditem|p2b: Orthworm|Sitrus Berry|[eat]\n|-heal|p2b: Orthworm|75\/100|[from] item: Sitrus Berry\n|\n|t:|1684153457\n|switch|p2b: Dragonite|Dragonite, L50, M|100\/100|[from] Shed Tail\n|\n|upkeep\n|turn|2\n|inactive|JamStunna has 30 seconds left.\n|inactive|RonJohn has 30 seconds left.\n|-message|JamStunna forfeited.\n|\n|win|RonJohn\n|raw|JamStunna's rating: 1376 → 1356<\/strong> (-20 for losing)\n|raw|RonJohn's rating: 1380 → 1400<\/strong> (+20 for winning)\n|l|\u2606JamStunna\n","uploadtime":1684153498,"views":8,"p1id":"jamstunna","p2id":"ronjohn","formatid":"gen9vgc2023regulationc","rating":1356,"private":0,"password":""}