{"id":"gen9vgc2023regulationc-1852079175","p1":"MartianCabbage","p2":"Lambvgc","format":"[Gen 9] VGC 2023 Regulation C","log":"|j|\u2606MartianCabbage\n|j|\u2606Lambvgc\n|t:|1682522407\n|gametype|doubles\n|player|p1|MartianCabbage|pokemonrangerf|1227\n|player|p2|Lambvgc|101|1173\n|teamsize|p1|6\n|teamsize|p2|6\n|gen|9\n|tier|[Gen 9] VGC 2023 Regulation C\n|rated|\n|rule|Species Clause: Limit one of each Pok\u00e9mon\n|rule|Item Clause: Limit one of each item\n|clearpoke\n|poke|p1|Gardevoir, L50, F|\n|poke|p1|Garchomp, L50, F|\n|poke|p1|Dragonite, L50, F|\n|poke|p1|Chien-Pao, L50|\n|poke|p1|Gholdengo, L50|\n|poke|p1|Talonflame, L50, F|\n|poke|p2|Garganacl, L50, F|\n|poke|p2|Talonflame, L50, M|\n|poke|p2|Meowscarada, L50, M|\n|poke|p2|Tauros-Paldea-Aqua, L50, M|\n|poke|p2|Glimmora, L50, M|\n|poke|p2|Sylveon, L50, F|\n|teampreview|4\nMartianCabbage has agreed to open team sheets.\n|inactive|Battle timer is ON: inactive players will automatically lose when time's up. (requested by Lambvgc)\nLambvgc has agreed to open team sheets.\n|inactive|MartianCabbage has 60 seconds left.\n|\n|t:|1682522467\n|start\n|switch|p1a: Gholdengo|Gholdengo, L50|100\/100\n|switch|p1b: Talonflame|Talonflame, L50, F|100\/100\n|switch|p2a: Talonflame|Talonflame, L50, M|100\/100\n|switch|p2b: Sylveon|Sylveon, L50, F|100\/100\n|turn|1\n|inactive|Lambvgc has 30 seconds left.\n|\n|t:|1682522496\n|-terastallize|p2b: Sylveon|Fire\n|move|p1b: Talonflame|Brave Bird|p2a: Talonflame\n|-damage|p2a: Talonflame|40\/100\n|-damage|p1b: Talonflame|77\/100|[from] Recoil\n|move|p2a: Talonflame|Tailwind|p2a: Talonflame\n|-sidestart|p2: Lambvgc|move: Tailwind\n|move|p2b: Sylveon|Tera Blast|p1a: Gholdengo\n|-supereffective|p1a: Gholdengo\n|-damage|p1a: Gholdengo|23\/100\n|move|p1a: Gholdengo|Make It Rain|p2b: Sylveon|[spread] p2a,p2b\n|-resisted|p2a: Talonflame\n|-resisted|p2b: Sylveon\n|-damage|p2a: Talonflame|0 fnt\n|-damage|p2b: Sylveon|74\/100\n|-unboost|p1a: Gholdengo|spa|1\n|faint|p2a: Talonflame\n|\n|upkeep\n|\n|t:|1682522509\n|switch|p2a: Tauros|Tauros-Paldea-Aqua, L50, M|100\/100\n|-ability|p2a: Tauros|Intimidate|boost\n|-unboost|p1a: Gholdengo|atk|1\n|-unboost|p1b: Talonflame|atk|1\n|turn|2\n|\n|t:|1682522519\n|move|p2a: Tauros|Raging Bull|p1b: Talonflame\n|-supereffective|p1b: Talonflame\n|-damage|p1b: Talonflame|0 fnt\n|faint|p1b: Talonflame\n|move|p2b: Sylveon|Tera Blast|p1a: Gholdengo\n|-supereffective|p1a: Gholdengo\n|-damage|p1a: Gholdengo|0 fnt\n|faint|p1a: Gholdengo\n|\n|upkeep\n|\n|t:|1682522523\n|switch|p1b: Garchomp|Garchomp, L50, F|100\/100\n|switch|p1a: Gardevoir|Gardevoir, L50, F|100\/100\n|turn|3\n|\n|t:|1682522539\n|-terastallize|p1b: Garchomp|Fire\n|move|p2a: Tauros|Raging Bull|p1a: Gardevoir\n|-damage|p1a: Gardevoir|54\/100\n|move|p2b: Sylveon|Hyper Voice|p1b: Garchomp|[spread] p1a,p1b\n|-resisted|p1b: Garchomp\n|-damage|p1a: Gardevoir|17\/100\n|-damage|p1b: Garchomp|78\/100\n|-enditem|p1a: Gardevoir|Sitrus Berry|[eat]\n|-heal|p1a: Gardevoir|42\/100|[from] item: Sitrus Berry\n|-enditem|p2b: Sylveon|Throat Spray\n|-boost|p2b: Sylveon|spa|1|[from] item: Throat Spray\n|move|p1b: Garchomp|Earthquake|p2a: Tauros|[spread] p2a,p2b\n|-activate|p1a: Gardevoir|ability: Telepathy\n|-crit|p2a: Tauros\n|-supereffective|p2b: Sylveon\n|-damage|p2a: Tauros|31\/100\n|-damage|p2b: Sylveon|0 fnt\n|faint|p2b: Sylveon\n|-damage|p1b: Garchomp|69\/100|[from] item: Life Orb\n|move|p1a: Gardevoir|Moonblast|p2a: Tauros\n|-supereffective|p2a: Tauros\n|-damage|p2a: Tauros|0 fnt\n|faint|p2a: Tauros\n|\n|upkeep\n|\n|t:|1682522553\n|switch|p2a: Garganacl|Garganacl, L50, F, shiny|100\/100\n|turn|4\n|\n|t:|1682522567\n|move|p1b: Garchomp|Earthquake|p2a: Garganacl|[spread] p2a\n|-activate|p1a: Gardevoir|ability: Telepathy\n|-supereffective|p2a: Garganacl\n|-damage|p2a: Garganacl|43\/100\n|-damage|p1b: Garchomp|59\/100|[from] item: Life Orb\n|move|p2a: Garganacl|Salt Cure|p1b: Garchomp\n|-supereffective|p1b: Garchomp\n|-damage|p1b: Garchomp|29\/100\n|-start|p1b: Garchomp|Salt Cure\n|move|p1a: Gardevoir|Moonblast|p2a: Garganacl\n|-crit|p2a: Garganacl\n|-damage|p2a: Garganacl|0 fnt\n|faint|p2a: Garganacl\n|\n|win|MartianCabbage\n|raw|MartianCabbage's rating: 1227 → 1248<\/strong> (+21 for winning)\n|raw|Lambvgc's rating: 1173 → 1152<\/strong> (-21 for losing)\n|c|\u2606MartianCabbage|ggwp\n|l|\u2606Lambvgc\n","uploadtime":1682522591,"views":24,"p1id":"martiancabbage","p2id":"lambvgc","formatid":"gen9vgc2023regulationc","rating":1152,"private":0,"password":""}