{"id":"gen9vgc2023regulationc-1849914209","p1":"riseofkingdomsadd","p2":"Ichiban0","format":"[Gen 9] VGC 2023 Regulation C","log":"|j|\u2606riseofkingdomsadd\n|j|\u2606Ichiban0\n|t:|1682267569\n|gametype|doubles\n|player|p1|riseofkingdomsadd|dragontamer|\n|player|p2|Ichiban0|1|\n|teamsize|p1|6\n|teamsize|p2|6\n|gen|9\n|tier|[Gen 9] VGC 2023 Regulation C\n|rule|Species Clause: Limit one of each Pok\u00e9mon\n|rule|Item Clause: Limit one of each item\n|clearpoke\n|poke|p1|Pachirisu, L50, F|\n|poke|p1|Armarouge, L50, F|\n|poke|p1|Indeedee, L50, M|\n|poke|p1|Ting-Lu, L50|\n|poke|p1|Baxcalibur, L50, F|\n|poke|p1|Kingambit, L50, M|\n|poke|p2|Palafin, L50, F|\n|poke|p2|Pawmot, L50, F|\n|poke|p2|Weavile, L50, F|\n|poke|p2|Gardevoir, L50, F|\n|poke|p2|Arcanine, L50, F|\n|poke|p2|Amoonguss, L50, F|\n|teampreview|4\n|c|\u2606riseofkingdomsadd|glhf\n|c|\u2606Ichiban0|glhf\n|c|\u2606riseofkingdomsadd|it\u2019s bo3 riggt\n|c|\u2606Ichiban0|yeah\n|c|\u2606Ichiban0|post the live battle link\nIchiban0 rejected open team sheets.\n|c|\u2606Ichiban0|can we do no timer no ots\n|c|\u2606riseofkingdomsadd|i cant im on mobile\n|c|\u2606riseofkingdomsadd|i don\u2019t mind\n|j| jayballester\n|j| Jstardude\n|\n|t:|1682267715\n|start\n|switch|p1a: Pachirisu|Pachirisu, L50, F|100\/100\n|switch|p1b: Armarouge|Armarouge, L50, F|100\/100\n|switch|p2a: Palafin|Palafin, L50, F, shiny|100\/100\n|switch|p2b: Gardevoir|Gardevoir, L50, F, shiny|100\/100\n|-ability|p2b: Gardevoir|Pickup|[from] ability: Trace|[of] p1a: Pachirisu\n|turn|1\n|j| 12donau\n|\n|t:|1682267758\n|detailschange|p2a: Palafin|Palafin-Hero, L50, F, shiny\n|switch|p2a: Arcanine|Arcanine, L50, F, shiny|100\/100\n|-ability|p2a: Arcanine|Intimidate|boost\n|-unboost|p1a: Pachirisu|atk|1\n|-unboost|p1b: Armarouge|atk|1\n|-terastallize|p1b: Armarouge|Grass\n|move|p1a: Pachirisu|U-turn|p1b: Armarouge\n|-supereffective|p1b: Armarouge\n|-damage|p1b: Armarouge|87\/100\n|-ability|p1b: Armarouge|Weak Armor|boost\n|-unboost|p1b: Armarouge|def|1\n|-boost|p1b: Armarouge|spe|2\n|-enditem|p1b: Armarouge|Weakness Policy\n|-boost|p1b: Armarouge|atk|2|[from] item: Weakness Policy\n|-boost|p1b: Armarouge|spa|2|[from] item: Weakness Policy\n|c| 12donau|ichiban is vihaan right\n|c| jayballester|DAAAmn\n|\n|t:|1682267771\n|switch|p1a: Indeedee|Indeedee, L50, M|100\/100|[from] U-turn\n|-fieldstart|move: Psychic Terrain|[from] ability: Psychic Surge|[of] p1a: Indeedee\n|move|p1b: Armarouge|Expanding Force|p2a: Arcanine|[spread] p2a,p2b\n|-resisted|p2b: Gardevoir\n|-damage|p2a: Arcanine|0 fnt\n|-damage|p2b: Gardevoir|44\/100\n|faint|p2a: Arcanine\n|move|p2b: Gardevoir|Imprison|p2b: Gardevoir\n|-start|p2b: Gardevoir|move: Imprison\n|\n|upkeep\n|c|\u2606Ichiban0|OH SHIT\n|\n|t:|1682267782\n|switch|p2a: Palafin|Palafin-Hero, L50, F, shiny|100\/100\n|-activate|p2a: Palafin|ability: Zero to Hero\n|turn|2\n|c|\u2606riseofkingdomsadd|my favourite boys are back\n|\n|t:|1682267803\n|move|p1b: Armarouge|Expanding Force|p2a: Palafin|[spread] p2a,p2b\n|-resisted|p2b: Gardevoir\n|-damage|p2a: Palafin|0 fnt\n|-damage|p2b: Gardevoir|0 fnt\n|faint|p2a: Palafin\n|faint|p2b: Gardevoir\n|move|p1a: Indeedee|Psych Up|p1b: Armarouge\n|-copyboost|p1a: Indeedee|p1b: Armarouge|[from] move: Psych Up\n|\n|upkeep\n|\n|t:|1682267811\n|switch|p2b: Amoonguss|Amoonguss, L50, F, shiny|100\/100\n|turn|3\n|c| jayballester|vihaan going -8 w1\n|c|\u2606riseofkingdomsadd|gg\n|c| Jstardude|:0\n|c| 12donau|haha\n|c|\u2606riseofkingdomsadd|do i upload replay?\n|c| 12donau|cheese 100\n|\n|t:|1682267842\n|move|p2b: Amoonguss|Protect|p2b: Amoonguss\n|-singleturn|p2b: Amoonguss|Protect\n|move|p1a: Indeedee|Psychic|p2b: Amoonguss\n|-activate|p2b: Amoonguss|move: Protect\n|move|p1b: Armarouge|Expanding Force|p2b: Amoonguss\n|-activate|p2b: Amoonguss|move: Protect\n|\n|upkeep\n|turn|4\n|\n|t:|1682267853\n|move|p1a: Indeedee|Psychic|p2b: Amoonguss\n|-supereffective|p2b: Amoonguss\n|-damage|p2b: Amoonguss|0 fnt\n|faint|p2b: Amoonguss\n|-damage|p1a: Indeedee|91\/100|[from] item: Life Orb\n|\n|win|riseofkingdomsadd\n|c| jayballester|yeah post replay\n|c|\u2606riseofkingdomsadd|alright\n","uploadtime":1682267866,"views":16,"p1id":"riseofkingdomsadd","p2id":"ichiban0","formatid":"gen9vgc2023regulationc","rating":0,"private":0,"password":""}