{"id":"gen9vgc2023regulationc-1845983921","p1":"Kili godo","p2":"shhh6","format":"[Gen 9] VGC 2023 Regulation C","log":"|j|\u2606Kili godo\n|j|\u2606shhh6\n|t:|1681787218\n|gametype|doubles\n|player|p1|Kili godo|volkner|1071\n|player|p2|shhh6|101|1151\n|teamsize|p1|6\n|teamsize|p2|6\n|gen|9\n|tier|[Gen 9] VGC 2023 Regulation C\n|rated|\n|rule|Species Clause: Limit one of each Pok\u00e9mon\n|rule|Item Clause: Limit one of each item\n|clearpoke\n|poke|p1|Arcanine, L50, M|\n|poke|p1|Amoonguss, L50, M|\n|poke|p1|Ting-Lu, L50|\n|poke|p1|Murkrow, L50, F|\n|poke|p1|Baxcalibur, L50, F|\n|poke|p1|Flutter Mane, L50|\n|poke|p2|Torkoal, L50, F|\n|poke|p2|Chi-Yu, L50|\n|poke|p2|Bronzong, L50|\n|poke|p2|Gastrodon, L50, F|\n|poke|p2|Grimmsnarl, L50, M|\n|poke|p2|Skeledirge, L50, F|\n|teampreview|4\n|j| EV4Ever\n|\n|t:|1681787242\n|start\n|switch|p1a: Murkrow|Murkrow, L50, F|100\/100\n|switch|p1b: Flutter Mane|Flutter Mane, L50|100\/100\n|switch|p2a: Grimmsnarl|Grimmsnarl, L50, M|100\/100\n|switch|p2b: Bronzong|Bronzong, L50|100\/100\n|-enditem|p1b: Flutter Mane|Booster Energy\n|-activate|p1b: Flutter Mane|ability: Protosynthesis|[fromitem]\n|-start|p1b: Flutter Mane|protosynthesisspa\n|turn|1\n|inactive|Battle timer is ON: inactive players will automatically lose when time's up. (requested by shhh6)\n|\n|t:|1681787270\n|move|p2a: Grimmsnarl|Fake Out|p1a: Murkrow\n|-damage|p1a: Murkrow|87\/100\n|cant|p1a: Murkrow|flinch\n|move|p1b: Flutter Mane|Moonblast|p2a: Grimmsnarl\n|-supereffective|p2a: Grimmsnarl\n|-damage|p2a: Grimmsnarl|0 fnt\n|faint|p2a: Grimmsnarl\n|move|p2b: Bronzong|Trick Room|p2b: Bronzong\n|-fieldstart|move: Trick Room|[of] p2b: Bronzong\n|\n|upkeep\n|\n|t:|1681787281\n|switch|p2a: Skeledirge|Skeledirge, L50, F|100\/100\n|turn|2\n|\n|t:|1681787297\n|move|p2b: Bronzong|Iron Head|p1b: Flutter Mane\n|-supereffective|p1b: Flutter Mane\n|-damage|p1b: Flutter Mane|0 fnt\n|faint|p1b: Flutter Mane\n|-end|p1b: Flutter Mane|Protosynthesis|[silent]\n|move|p2a: Skeledirge|Torch Song|p1a: Murkrow\n|-crit|p1a: Murkrow\n|-damage|p1a: Murkrow|21\/100\n|-boost|p2a: Skeledirge|spa|1\n|move|p1a: Murkrow|Foul Play|p2b: Bronzong\n|-supereffective|p2b: Bronzong\n|-damage|p2b: Bronzong|59\/100\n|\n|upkeep\n|\n|t:|1681787310\n|switch|p1b: Ting-Lu|Ting-Lu, L50|100\/100\n|-ability|p1b: Ting-Lu|Vessel of Ruin\n|turn|3\n|\n|t:|1681787319\n|move|p2a: Skeledirge|Protect|p2a: Skeledirge\n|-singleturn|p2a: Skeledirge|Protect\n|move|p1a: Murkrow|Haze|p1a: Murkrow\n|-clearallboost\n|move|p2b: Bronzong|Body Press|p1a: Murkrow\n|-damage|p1a: Murkrow|0 fnt\n|faint|p1a: Murkrow\n|move|p1b: Ting-Lu|Stomping Tantrum|p2a: Skeledirge\n|-activate|p2a: Skeledirge|move: Protect\n|\n|upkeep\n|-message|Kili godo forfeited.\n|\n|win|shhh6\n|raw|Kili godo's rating: 1071 → 1055<\/strong> (-16 for losing)\n|raw|shhh6's rating: 1151 → 1170<\/strong> (+19 for winning)\n|l|\u2606Kili godo\n","uploadtime":1681787324,"views":4,"p1id":"kiligodo","p2id":"shhh6","formatid":"gen9vgc2023regulationc","rating":1055,"private":0,"password":""}