{"id":"gen9vgc2023regulationc-1848314561","p1":"Hdjdi88","p2":"robo562","format":"[Gen 9] VGC 2023 Regulation C","log":"|j|\u2606Hdjdi88\n|j|\u2606robo562\n|t:|1682058905\n|gametype|doubles\n|player|p1|Hdjdi88|102|1000\n|player|p2|robo562|2|1057\n|teamsize|p1|6\n|teamsize|p2|6\n|gen|9\n|tier|[Gen 9] VGC 2023 Regulation C\n|rated|\n|rule|Species Clause: Limit one of each Pok\u00e9mon\n|rule|Item Clause: Limit one of each item\n|clearpoke\n|poke|p1|Lycanroc-Midnight, L50, F|\n|poke|p1|Umbreon, L50, F|\n|poke|p1|Ting-Lu, L50|\n|poke|p1|Amoonguss, L50, M|\n|poke|p1|Palafin, L50, M|\n|poke|p1|Kingambit, L50, M|\n|poke|p2|Ting-Lu, L50|\n|poke|p2|Gengar, L50, F|\n|poke|p2|Abomasnow, L50, F|\n|poke|p2|Lycanroc-Midnight, L50, F|\n|poke|p2|Arcanine, L50, F|\n|poke|p2|Palafin, L50, F|\n|teampreview|4\n|inactive|Battle timer is ON: inactive players will automatically lose when time's up. (requested by Hdjdi88)\n|\n|t:|1682058947\n|start\n|switch|p1a: Lycanroc|Lycanroc-Midnight, L50, F|100\/100\n|switch|p1b: Umbreon|Umbreon, L50, F|100\/100\n|switch|p2a: Gengar|Gengar, L50, F|100\/100\n|switch|p2b: Lycanroc|Lycanroc-Midnight, L50, F|100\/100\n|turn|1\n|\n|t:|1682058969\n|-terastallize|p2b: Lycanroc|Ghost\n|move|p1a: Lycanroc|Endure|p1a: Lycanroc\n|-singleturn|p1a: Lycanroc|move: Endure\n|move|p2a: Gengar|Skill Swap|p2b: Lycanroc\n|-activate|p2a: Gengar|move: Skill Swap|||[of] p2b: Lycanroc\n|move|p2b: Lycanroc|Play Rough|p1b: Umbreon\n|-supereffective|p1b: Umbreon\n|-damage|p1b: Umbreon|50\/100\n|-unboost|p1b: Umbreon|atk|1\n|-damage|p2b: Lycanroc|91\/100|[from] item: Life Orb\n|move|p1b: Umbreon|Skill Swap|p1a: Lycanroc\n|-activate|p1b: Umbreon|move: Skill Swap|||[of] p1a: Lycanroc\n|\n|-heal|p1b: Umbreon|56\/100|[from] item: Leftovers\n|upkeep\n|turn|2\n|inactive|robo562 has 30 seconds left.\n|\n|t:|1682058999\n|switch|p2b: Abomasnow|Abomasnow, L50, F|100\/100\n|-weather|Snow|[from] ability: Snow Warning|[of] p2b: Abomasnow\n|switch|p1a: Ting-Lu|Ting-Lu, L50|100\/100\n|-ability|p1a: Ting-Lu|Vessel of Ruin\n|-terastallize|p1b: Umbreon|Ghost\n|move|p2a: Gengar|Skill Swap|p2b: Abomasnow\n|-activate|p2a: Gengar|move: Skill Swap|||[of] p2b: Abomasnow\n|move|p1b: Umbreon|Moonlight|p1b: Umbreon\n|-heal|p1b: Umbreon|81\/100\n|\n|-weather|Snow|[upkeep]\n|-heal|p1b: Umbreon|87\/100|[from] item: Leftovers\n|upkeep\n|turn|3\n|\n|t:|1682059019\n|move|p2b: Abomasnow|Sheer Cold|p1a: Ting-Lu\n|-damage|p1a: Ting-Lu|0 fnt\n|faint|p1a: Ting-Lu\n|-ohko\n|move|p2a: Gengar|Hypnosis|p1b: Umbreon\n|-status|p1b: Umbreon|slp|[from] move: Hypnosis\n|cant|p1b: Umbreon|slp\n|\n|-weather|Snow|[upkeep]\n|-heal|p1b: Umbreon|93\/100 slp|[from] item: Leftovers\n|upkeep\n|inactive|Hdjdi88 has 30 seconds left.\n|inactive|Hdjdi88 has 20 seconds left.\n|inactive|Hdjdi88 has 15 seconds left.\n|inactive|Hdjdi88 has 10 seconds left.\n|inactive|Hdjdi88 has 5 seconds left.\n|\n|t:|1682059074\n|switch|p1a: Lycanroc|Lycanroc-Midnight, L50, F|100\/100\n|turn|4\n|inactive|Hdjdi88 has 30 seconds left.\n|inactive|Hdjdi88 has 20 seconds left.\n|inactive|Hdjdi88 has 15 seconds left.\n|inactive|Hdjdi88 has 10 seconds left.\n|inactive|Hdjdi88 has 5 seconds left.\n|c|\u2606robo562|Hurry up fissure\n|\n|t:|1682059129\n|move|p1a: Lycanroc|Endure|p1a: Lycanroc\n|-singleturn|p1a: Lycanroc|move: Endure\n|move|p2b: Abomasnow|Sheer Cold|p1b: Umbreon\n|-damage|p1b: Umbreon|0 fnt\n|faint|p1b: Umbreon\n|-ohko\n|move|p2a: Gengar|Hypnosis|p1a: Lycanroc\n|-status|p1a: Lycanroc|slp|[from] move: Hypnosis\n|\n|-weather|Snow|[upkeep]\n|upkeep\n|inactive|Hdjdi88 has 30 seconds left.\n|inactive|Hdjdi88 has 20 seconds left.\n|inactive|Hdjdi88 has 15 seconds left.\n|inactive|Hdjdi88 has 10 seconds left.\n|inactive|Hdjdi88 has 5 seconds left.\n|\n|t:|1682059184\n|switch|p1b: Amoonguss|Amoonguss, L50, M|100\/100\n|turn|5\n|c|\u2606robo562|Hurry up\n|inactive|Hdjdi88 has 30 seconds left.\n|inactive|Hdjdi88 has 20 seconds left.\n|inactive|Hdjdi88 has 15 seconds left.\n|inactive|Hdjdi88 has 10 seconds left.\n|inactive|Hdjdi88 has 5 seconds left.\n|\n|t:|1682059239\n|cant|p1a: Lycanroc|slp\n|move|p2b: Abomasnow|Sheer Cold|p1b: Amoonguss\n|-damage|p1b: Amoonguss|0 fnt\n|faint|p1b: Amoonguss\n|-ohko\n|move|p2a: Gengar|Shadow Ball|p1a: Lycanroc\n|-damage|p1a: Lycanroc|51\/100 slp\n|\n|-weather|Snow|[upkeep]\n|upkeep\n|turn|6\n|inactive|Hdjdi88 has 30 seconds left.\n|inactive|Hdjdi88 has 20 seconds left.\n|inactive|Hdjdi88 has 15 seconds left.\n|inactive|Hdjdi88 has 10 seconds left.\n|inactive|Hdjdi88 has 5 seconds left.\n|\n|t:|1682059294\n|cant|p1a: Lycanroc|slp\n|move|p2b: Abomasnow|Sheer Cold|p1a: Lycanroc\n|-damage|p1a: Lycanroc|0 fnt\n|faint|p1a: Lycanroc\n|-ohko\n|\n|win|robo562\n|raw|Hdjdi88's rating: 1047 → 1030<\/strong> (-17 for losing)\n|raw|robo562's rating: 1057 → 1088<\/strong> (+31 for winning)\n|c|\u2606robo562|Gg\n","uploadtime":1682059306,"views":15,"p1id":"hdjdi88","p2id":"robo562","formatid":"gen9vgc2023regulationc","rating":1030,"private":0,"password":""}