{"id":"gen9vgc2023regulationc-1848335992","p1":"Emberbloom","p2":"xingtian666","format":"[Gen 9] VGC 2023 Regulation C","log":"|j|\u2606Emberbloom\n|j|\u2606xingtian666\n|t:|1682062624\n|gametype|doubles\n|player|p1|Emberbloom|flannery|1383\n|player|p2|xingtian666|101|1413\n|teamsize|p1|6\n|teamsize|p2|6\n|gen|9\n|tier|[Gen 9] VGC 2023 Regulation C\n|rated|\n|rule|Species Clause: Limit one of each Pok\u00e9mon\n|rule|Item Clause: Limit one of each item\n|clearpoke\n|poke|p1|Corviknight, L50, M|\n|poke|p1|Tyranitar, L50, F|\n|poke|p1|Garchomp, L50, M|\n|poke|p1|Amoonguss, L50, M|\n|poke|p1|Arcanine, L50, F|\n|poke|p1|Iron Bundle, L50|\n|poke|p2|Ting-Lu, L50|\n|poke|p2|Amoonguss, L50, M|\n|poke|p2|Abomasnow, L50, F|\n|poke|p2|Iron Bundle, L50|\n|poke|p2|Baxcalibur, L50, M|\n|poke|p2|Gyarados, L50, M|\n|teampreview|4\n|inactive|Battle timer is ON: inactive players will automatically lose when time's up. (requested by xingtian666)\n|inactive|Emberbloom has 60 seconds left.\n|\n|t:|1682062660\n|start\n|switch|p1a: Corviknight|Corviknight, L50, M|100\/100\n|switch|p1b: Iron Bundle|Iron Bundle, L50|100\/100\n|switch|p2a: Gyarados|Gyarados, L50, M, shiny|100\/100\n|switch|p2b: Abomasnow|Abomasnow, L50, F, shiny|100\/100\n|-ability|p2a: Gyarados|Intimidate|boost\n|-ability|p1a: Corviknight|Mirror Armor\n|-unboost|p2a: Gyarados|atk|1\n|-unboost|p1b: Iron Bundle|atk|1\n|-weather|Snow|[from] ability: Snow Warning|[of] p2b: Abomasnow\n|-enditem|p1b: Iron Bundle|Booster Energy\n|-activate|p1b: Iron Bundle|ability: Quark Drive|[fromitem]\n|-start|p1b: Iron Bundle|quarkdrivespe\n|turn|1\n|inactive|xingtian666 has 30 seconds left.\n|inactive|xingtian666 has 20 seconds left.\n|inactive|xingtian666 has 15 seconds left.\n|inactive|xingtian666 has 10 seconds left.\n|\n|t:|1682062708\n|move|p1b: Iron Bundle|Freeze-Dry|p2a: Gyarados\n|-supereffective|p2a: Gyarados\n|-damage|p2a: Gyarados|0 fnt\n|faint|p2a: Gyarados\n|move|p2b: Abomasnow|Energy Ball|p1b: Iron Bundle\n|-supereffective|p1b: Iron Bundle\n|-damage|p1b: Iron Bundle|0 fnt\n|faint|p1b: Iron Bundle\n|-end|p1b: Iron Bundle|Quark Drive|[silent]\n|move|p1a: Corviknight|Tailwind|p1a: Corviknight\n|-sidestart|p1: Emberbloom|move: Tailwind\n|\n|-weather|Snow|[upkeep]\n|upkeep\n|\n|t:|1682062721\n|switch|p1b: Tyranitar|Tyranitar, L50, F, shiny|100\/100\n|switch|p2a: Iron Bundle|Iron Bundle, L50, shiny|100\/100\n|-weather|Sandstorm|[from] ability: Sand Stream|[of] p1b: Tyranitar\n|-enditem|p2a: Iron Bundle|Booster Energy\n|-activate|p2a: Iron Bundle|ability: Quark Drive|[fromitem]\n|-start|p2a: Iron Bundle|quarkdrivespe\n|turn|2\n|inactive|Emberbloom has 30 seconds left.\n|inactive|Emberbloom has 20 seconds left.\n|inactive|Emberbloom has 15 seconds left.\n|inactive|Emberbloom has 10 seconds left.\n|inactive|Emberbloom has 5 seconds left.\n|\n|t:|1682062772\n|-terastallize|p2a: Iron Bundle|Ice\n|-terastallize|p1b: Tyranitar|Flying\n|move|p2a: Iron Bundle|Blizzard|p1b: Tyranitar|[spread] p1a\n|-miss|p2a: Iron Bundle|p1b: Tyranitar\n|-damage|p1a: Corviknight|53\/100\n|move|p1a: Corviknight|Brave Bird|p2a: Iron Bundle\n|-damage|p2a: Iron Bundle|60\/100\n|-damage|p1a: Corviknight|44\/100|[from] Recoil\n|move|p1b: Tyranitar|Rock Slide|p2b: Abomasnow|[spread] p2a,p2b\n|-supereffective|p2a: Iron Bundle\n|-supereffective|p2b: Abomasnow\n|-damage|p2a: Iron Bundle|0 fnt\n|-damage|p2b: Abomasnow|20\/100\n|faint|p2a: Iron Bundle\n|-end|p2a: Iron Bundle|Quark Drive|[silent]\n|move|p2b: Abomasnow|Blizzard|p1b: Tyranitar|[spread] p1b\n|-miss|p2b: Abomasnow|p1a: Corviknight\n|-supereffective|p1b: Tyranitar\n|-damage|p1b: Tyranitar|67\/100\n|\n|-weather|Sandstorm|[upkeep]\n|-damage|p1b: Tyranitar|61\/100|[from] Sandstorm\n|-damage|p2b: Abomasnow|14\/100|[from] Sandstorm\n|upkeep\n|\n|t:|1682062796\n|switch|p2a: Baxcalibur|Baxcalibur, L50, M, shiny|100\/100\n|turn|3\n|\n|t:|1682062808\n|move|p2a: Baxcalibur|Protect|p2a: Baxcalibur\n|-singleturn|p2a: Baxcalibur|Protect\n|move|p1a: Corviknight|Iron Head|p2a: Baxcalibur\n|-activate|p2a: Baxcalibur|move: Protect\n|move|p1b: Tyranitar|Rock Slide|p2a: Baxcalibur|[spread] p2b\n|-activate|p2a: Baxcalibur|move: Protect\n|-supereffective|p2b: Abomasnow\n|-damage|p2b: Abomasnow|0 fnt\n|faint|p2b: Abomasnow\n|\n|-weather|Sandstorm|[upkeep]\n|-damage|p1b: Tyranitar|56\/100|[from] Sandstorm\n|-damage|p2a: Baxcalibur|95\/100|[from] Sandstorm\n|upkeep\n|turn|4\n|-message|xingtian666 forfeited.\n|\n|win|Emberbloom\n|raw|Emberbloom's rating: 1383 → 1405<\/strong> (+22 for winning)\n|raw|xingtian666's rating: 1413 → 1391<\/strong> (-22 for losing)\n|l|\u2606xingtian666\n","uploadtime":1682062826,"views":9,"p1id":"emberbloom","p2id":"xingtian666","formatid":"gen9vgc2023regulationc","rating":1391,"private":0,"password":""}