{"id":"gen9vgc2023regulationc-1864014654","p1":"marioman6444","p2":"TallCadet","format":"[Gen 9] VGC 2023 Regulation C","log":"|j|\u2606marioman6444\n|j|\u2606TallCadet\n|t:|1684105454\n|gametype|doubles\n|player|p1|marioman6444|hoopster|1104\n|player|p2|TallCadet|palmer|1016\n|teamsize|p1|6\n|teamsize|p2|6\n|gen|9\n|tier|[Gen 9] VGC 2023 Regulation C\n|rated|\n|rule|Species Clause: Limit one of each Pok\u00e9mon\n|rule|Item Clause: Limit one of each item\n|clearpoke\n|poke|p1|Kingambit, L50, F|\n|poke|p1|Volcarona, L50, F|\n|poke|p1|Iron Bundle, L50|\n|poke|p1|Chien-Pao, L50|\n|poke|p1|Ting-Lu, L50|\n|poke|p1|Amoonguss, L50, M|\n|poke|p2|Skeledirge, L50, M|\n|poke|p2|Dragapult, L50, M|\n|poke|p2|Glaceon, L50, F|\n|poke|p2|Lycanroc-Dusk, L50, M|\n|poke|p2|Tyranitar, L50, F|\n|poke|p2|Ampharos, L50, F|\n|teampreview|4\n|inactive|Battle timer is ON: inactive players will automatically lose when time's up. (requested by marioman6444)\n|\n|t:|1684105480\n|start\n|switch|p1a: Amoonguss|Amoonguss, L50, M|100\/100\n|switch|p1b: Big-Lu|Ting-Lu, L50|100\/100\n|switch|p2a: Lycanroc|Lycanroc-Dusk, L50, M|100\/100\n|switch|p2b: Tyranitar|Tyranitar, L50, F|100\/100\n|-weather|Sandstorm|[from] ability: Sand Stream|[of] p2b: Tyranitar\n|-ability|p1b: Big-Lu|Vessel of Ruin\n|turn|1\n|\n|t:|1684105496\n|move|p2a: Lycanroc|Rock Slide|p1a: Amoonguss|[spread] p1a,p1b\n|-resisted|p1b: Big-Lu\n|-damage|p1a: Amoonguss|78\/100\n|-damage|p1b: Big-Lu|94\/100\n|move|p2b: Tyranitar|Rock Slide|p1b: Big-Lu|[spread] p1a\n|-miss|p2b: Tyranitar|p1b: Big-Lu\n|-damage|p1a: Amoonguss|59\/100\n|cant|p1b: Big-Lu|flinch\n|move|p1a: Amoonguss|Spore|p2b: Tyranitar\n|-status|p2b: Tyranitar|slp|[from] move: Spore\n|\n|-weather|Sandstorm|[upkeep]\n|-damage|p1a: Amoonguss|53\/100|[from] Sandstorm\n|upkeep\n|turn|2\n|inactive|TallCadet has 30 seconds left.\n|\n|t:|1684105523\n|move|p2a: Lycanroc|Protect|p2a: Lycanroc\n|-singleturn|p2a: Lycanroc|Protect\n|cant|p2b: Tyranitar|slp\n|move|p1b: Big-Lu|Stomping Tantrum|p2b: Tyranitar\n|-supereffective|p2b: Tyranitar\n|-damage|p2b: Tyranitar|20\/100 slp\n|move|p1a: Amoonguss|Spore|p2a: Lycanroc\n|-activate|p2a: Lycanroc|move: Protect\n|\n|-weather|Sandstorm|[upkeep]\n|-damage|p1a: Amoonguss|47\/100|[from] Sandstorm\n|-enditem|p1a: Amoonguss|Sitrus Berry|[eat]\n|-heal|p1a: Amoonguss|72\/100|[from] item: Sitrus Berry\n|upkeep\n|turn|3\n|-message|TallCadet forfeited.\n|\n|win|marioman6444\n|raw|marioman6444's rating: 1104 → 1123<\/strong> (+19 for winning)\n|raw|TallCadet's rating: 1016 → 1007<\/strong> (-9 for losing)\n|l|\u2606TallCadet\n|c|\u2606marioman6444|Gross\n|c|\u2606marioman6444|Gg\n","uploadtime":1684105542,"views":2,"p1id":"marioman6444","p2id":"tallcadet","formatid":"gen9vgc2023regulationc","rating":1007,"private":0,"password":""}