{"id":"gen9vgc2023regulationc-1846440798","p1":"PeekayW","p2":"OldFashionedVGC","format":"[Gen 9] VGC 2023 Regulation C","log":"|j|\u2606PeekayW\n|j|\u2606OldFashionedVGC\n|t:|1681841081\n|gametype|doubles\n|player|p1|PeekayW|266|1290\n|player|p2|OldFashionedVGC|pryce|1327\n|teamsize|p1|6\n|teamsize|p2|6\n|gen|9\n|tier|[Gen 9] VGC 2023 Regulation C\n|rated|\n|rule|Species Clause: Limit one of each Pok\u00e9mon\n|rule|Item Clause: Limit one of each item\n|clearpoke\n|poke|p1|Iron Bundle, L50|\n|poke|p1|Chi-Yu, L50|\n|poke|p1|Glimmora, L50, M|\n|poke|p1|Tatsugiri, L50, M|\n|poke|p1|Dondozo, L50, F|\n|poke|p1|Flutter Mane, L50|\n|poke|p2|Abomasnow, L50, M|\n|poke|p2|Iron Bundle, L50|\n|poke|p2|Chi-Yu, L50|\n|poke|p2|Azumarill, L50, F|\n|poke|p2|Dragonite, L50, F|\n|poke|p2|Annihilape, L50, M|\n|teampreview|4\n|c|\u2606OldFashionedVGC|gl hf\nOldFashionedVGC rejected open team sheets.\n|inactive|Battle timer is ON: inactive players will automatically lose when time's up. (requested by OldFashionedVGC)\n|inactive|OldFashionedVGC has 60 seconds left.\n|inactive|OldFashionedVGC has 30 seconds left.\n|inactive|OldFashionedVGC has 20 seconds left.\n|inactive|OldFashionedVGC has 15 seconds left.\n|inactive|OldFashionedVGC has 10 seconds left.\n|inactive|OldFashionedVGC has 5 seconds left.\n|\n|t:|1681841184\n|start\n|switch|p1a: Glimmora|Glimmora, L50, M|100\/100\n|switch|p1b: Dondozo|Dondozo, L50, F|100\/100\n|switch|p2a: Azumarill|Azumarill, L50, F|100\/100\n|switch|p2b: Chi-Yu|Chi-Yu, L50|100\/100\n|-ability|p2b: Chi-Yu|Beads of Ruin\n|turn|1\n|\n|t:|1681841206\n|move|p2a: Azumarill|Aqua Jet|p1a: Glimmora\n|-supereffective|p1a: Glimmora\n|-damage|p1a: Glimmora|39\/100\n|move|p2b: Chi-Yu|Snarl|p1a: Glimmora|[spread] p1a,p1b\n|-damage|p1a: Glimmora|0 fnt\n|-damage|p1b: Dondozo|83\/100\n|-unboost|p1b: Dondozo|spa|1\n|faint|p1a: Glimmora\n|move|p1b: Dondozo|Wave Crash|p2b: Chi-Yu\n|-supereffective|p2b: Chi-Yu\n|-damage|p2b: Chi-Yu|0 fnt\n|faint|p2b: Chi-Yu\n|-damage|p1b: Dondozo|64\/100|[from] Recoil\n|\n|upkeep\n|\n|t:|1681841226\n|switch|p1a: Tatsugiri|Tatsugiri, L50, M|100\/100\n|switch|p2b: Iron Bundle|Iron Bundle, L50|100\/100\n|-activate|p1a: Tatsugiri|ability: Commander|[of] p1b: Dondozo\n|-boost|p1b: Dondozo|atk|2\n|-boost|p1b: Dondozo|spa|2\n|-boost|p1b: Dondozo|spe|2\n|-boost|p1b: Dondozo|def|2\n|-boost|p1b: Dondozo|spd|2\n|-enditem|p2b: Iron Bundle|Booster Energy\n|-activate|p2b: Iron Bundle|ability: Quark Drive|[fromitem]\n|-start|p2b: Iron Bundle|quarkdrivespe\n|turn|2\n|\n|t:|1681841237\n|switch|p2a: Abomasnow|Abomasnow, L50, M|100\/100\n|-weather|Snow|[from] ability: Snow Warning|[of] p2a: Abomasnow\n|-terastallize|p1b: Dondozo|Grass\n|move|p2b: Iron Bundle|Aurora Veil|p2b: Iron Bundle\n|-sidestart|p2: OldFashionedVGC|move: Aurora Veil\n|move|p1b: Dondozo|Tera Blast|p2a: Abomasnow\n|-resisted|p2a: Abomasnow\n|-damage|p2a: Abomasnow|84\/100\n|\n|-weather|Snow|[upkeep]\n|upkeep\n|turn|3\n|\n|t:|1681841259\n|-terastallize|p2b: Iron Bundle|Ice\n|move|p2b: Iron Bundle|Blizzard|p1a: Tatsugiri|[spread] p1b\n|-miss|p2b: Iron Bundle|p1a: Tatsugiri\n|-supereffective|p1b: Dondozo\n|-damage|p1b: Dondozo|32\/100\n|move|p1b: Dondozo|Earthquake|p2b: Iron Bundle|[spread] p2a,p2b\n|-miss|p1b: Dondozo|p1a: Tatsugiri\n|-resisted|p2a: Abomasnow\n|-damage|p2a: Abomasnow|74\/100\n|-damage|p2b: Iron Bundle|80\/100\n|move|p2a: Abomasnow|Blizzard|p1b: Dondozo|[spread] p1b\n|-miss|p2a: Abomasnow|p1a: Tatsugiri\n|-supereffective|p1b: Dondozo\n|-damage|p1b: Dondozo|9\/100\n|-status|p1b: Dondozo|frz\n|\n|-weather|Snow|[upkeep]\n|upkeep\n|turn|4\n|\n|t:|1681841281\n|move|p2b: Iron Bundle|Blizzard|p1a: Tatsugiri|[spread] p1b\n|-miss|p2b: Iron Bundle|p1a: Tatsugiri\n|-supereffective|p1b: Dondozo\n|-damage|p1b: Dondozo|0 fnt\n|faint|p1b: Dondozo\n|move|p2a: Abomasnow|Blizzard|p1a: Tatsugiri\n|-damage|p1a: Tatsugiri|38\/100\n|-status|p1a: Tatsugiri|frz\n|\n|-weather|Snow|[upkeep]\n|upkeep\n|-message|PeekayW forfeited.\n|\n|win|OldFashionedVGC\n|raw|PeekayW's rating: 1290 → 1268<\/strong> (-22 for losing)\n|raw|OldFashionedVGC's rating: 1327 → 1345<\/strong> (+18 for winning)\n|l|\u2606PeekayW\n","uploadtime":1681841421,"views":11,"p1id":"peekayw","p2id":"oldfashionedvgc","formatid":"gen9vgc2023regulationc","rating":1268,"private":0,"password":""}