{"id":"gen9vgc2023regulationc-1861505872","p1":"cb-sooner","p2":"ClessCL","format":"[Gen 9] VGC 2023 Regulation C","log":"|j|\u2606cb-sooner\n|j|\u2606ClessCL\n|t:|1683766236\n|gametype|doubles\n|player|p1|cb-sooner|1|1445\n|player|p2|ClessCL|lance|1500\n|teamsize|p1|6\n|teamsize|p2|6\n|gen|9\n|tier|[Gen 9] VGC 2023 Regulation C\n|rated|\n|rule|Species Clause: Limit one of each Pok\u00e9mon\n|rule|Item Clause: Limit one of each item\n|clearpoke\n|poke|p1|Iron Hands, L50|\n|poke|p1|Oranguru, L50, M|\n|poke|p1|Indeedee-F, L50, F|\n|poke|p1|Torkoal, L50, F|\n|poke|p1|Tyranitar, L50, F|\n|poke|p1|Armarouge, L50, M|\n|poke|p2|Gyarados, L50, F|\n|poke|p2|Tinkaton, L50, F|\n|poke|p2|Chi-Yu, L50|\n|poke|p2|Flutter Mane, L50|\n|poke|p2|Iron Bundle, L50|\n|poke|p2|Corviknight, L50, M|\n|teampreview|4\n|inactive|Battle timer is ON: inactive players will automatically lose when time's up. (requested by ClessCL)\n|inactive|cb-sooner has 60 seconds left.\n|\n|t:|1683766268\n|start\n|switch|p1a: Oranguru|Oranguru, L50, M|100\/100\n|switch|p1b: Indeedee|Indeedee-F, L50, F|100\/100\n|switch|p2a: Chi-Yu|Chi-Yu, L50|100\/100\n|switch|p2b: Tinkaton|Tinkaton, L50, F|100\/100\n|-ability|p2b: Tinkaton|Mold Breaker\n|-ability|p2a: Chi-Yu|Beads of Ruin\n|-fieldstart|move: Psychic Terrain|[from] ability: Psychic Surge|[of] p1b: Indeedee\n|turn|1\n|\n|t:|1683766280\n|move|p1b: Indeedee|Follow Me|p1b: Indeedee\n|-singleturn|p1b: Indeedee|move: Follow Me\n|move|p2b: Tinkaton|Gigaton Hammer|p1b: Indeedee\n|-damage|p1b: Indeedee|39\/100\n|move|p2a: Chi-Yu|Snarl|p1a: Oranguru|[spread] p1a,p1b\n|-supereffective|p1a: Oranguru\n|-supereffective|p1b: Indeedee\n|-damage|p1a: Oranguru|61\/100\n|-damage|p1b: Indeedee|0 fnt\n|-unboost|p1a: Oranguru|spa|1\n|faint|p1b: Indeedee\n|move|p1a: Oranguru|Trick Room|p1a: Oranguru\n|-fieldstart|move: Trick Room|[of] p1a: Oranguru\n|\n|upkeep\n|\n|t:|1683766299\n|switch|p1b: Torkoal|Torkoal, L50, F|100\/100\n|-weather|SunnyDay|[from] ability: Drought|[of] p1b: Torkoal\n|turn|2\n|\n|t:|1683766309\n|-terastallize|p1b: Torkoal|Fire\n|-terastallize|p2a: Chi-Yu|Fire\n|move|p1b: Torkoal|Eruption|p2b: Tinkaton|[spread] p2a,p2b\n|-resisted|p2a: Chi-Yu\n|-supereffective|p2b: Tinkaton\n|-damage|p2a: Chi-Yu|31\/100\n|-damage|p2b: Tinkaton|0 fnt\n|-enditem|p2a: Chi-Yu|Sitrus Berry|[eat]\n|-heal|p2a: Chi-Yu|56\/100|[from] item: Sitrus Berry\n|faint|p2b: Tinkaton\n|move|p1a: Oranguru|Instruct|p1b: Torkoal\n|-singleturn|p1b: Torkoal|move: Instruct|[of] p1a: Oranguru\n|move|p1b: Torkoal|Eruption|p2a: Chi-Yu\n|-resisted|p2a: Chi-Yu\n|-crit|p2a: Chi-Yu\n|-damage|p2a: Chi-Yu|0 fnt\n|faint|p2a: Chi-Yu\n|\n|-weather|SunnyDay|[upkeep]\n|upkeep\n|-message|ClessCL forfeited.\n|\n|win|cb-sooner\n|raw|cb-sooner's rating: 1445 → 1468<\/strong> (+23 for winning)\n|raw|ClessCL's rating: 1500 → 1477<\/strong> (-23 for losing)\n|l|\u2606ClessCL\n","uploadtime":1683766331,"views":11,"p1id":"cbsooner","p2id":"clesscl","formatid":"gen9vgc2023regulationc","rating":1468,"private":0,"password":""}