{"id":"gen9vgc2023regulationc-1856012883","p1":"LoafOfGodlyBread","p2":"Nachetepete","format":"[Gen 9] VGC 2023 Regulation C","log":"|j|\u2606LoafOfGodlyBread\n|j|\u2606Nachetepete\n|t:|1683017107\n|gametype|doubles\n|player|p1|LoafOfGodlyBread|marshal|\n|player|p2|Nachetepete|buck|\n|teamsize|p1|6\n|teamsize|p2|6\n|gen|9\n|tier|[Gen 9] VGC 2023 Regulation C\n|rated|Tournament battle\n|rule|Species Clause: Limit one of each Pok\u00e9mon\n|rule|Item Clause: Limit one of each item\n|clearpoke\n|poke|p1|Dondozo, L50, F|\n|poke|p1|Tatsugiri-Droopy, L50, M|\n|poke|p1|Ting-Lu, L50|\n|poke|p1|Flutter Mane, L50|\n|poke|p1|Rotom-Heat, L50|\n|poke|p1|Amoonguss, L50, F|\n|poke|p2|Flutter Mane, L50|\n|poke|p2|Dondozo, L50, M|\n|poke|p2|Kingambit, L50, M|\n|poke|p2|Iron Moth, L50|\n|poke|p2|Tatsugiri-Stretchy, L50, M|\n|poke|p2|Dragonite, L50, M|\n|teampreview|4\n|raw| Open Team Sheet for LoafOfGodlyBread<\/summary>Mayo (Dondozo) @ Leftovers Ability: Unaware Level: 50 Shiny: Yes Tera Type: Ground - Wave Crash - Earthquake - Facade - Protect Imposter (Tatsugiri-Droopy) @ Choice Scarf Ability: Commander Level: 50 Tera Type: Dragon - Icy Wind - Draco Meteor - Muddy Water - Taunt Fruit-loops (Ting-Lu) @ Assault Vest Ability: Vessel of Ruin Level: 50 Tera Type: Water - Throat Chop - Stomping Tantrum - Fissure - Heavy Slam Mia Fey (Flutter Mane) @ Choice Specs Ability: Protosynthesis Level: 50 Tera Type: Fairy - Moonblast - Shadow Ball - Dazzling Gleam - Icy Wind Dinner's ready! (Rotom-Heat) @ Safety Goggles Ability: Levitate Level: 50 Shiny: Yes Tera Type: Fire - Overheat - Will-O-Wisp - Volt Switch - Protect Crewmate (Amoonguss) @ Sitrus Berry Ability: Regenerator Level: 50 Shiny: Yes Tera Type: Flying - Spore - Rage Powder - Pollen Puff - Protect <\/details><\/div> Open Team Sheet for Nachetepete<\/summary>Mercoled\u00ec (Flutter Mane) @ Choice Specs Ability: Protosynthesis Level: 50 Tera Type: Steel - Dazzling Gleam - Shadow Ball - Moonblast - Mystical Fire Dondozzo (Dondozo) (M) @ Leftovers Ability: Unaware Level: 50 Tera Type: Dragon - Protect - Order Up - Wave Crash - Substitute Samurai Jack (Kingambit) (M) @ Assault Vest Ability: Defiant Level: 50 Shiny: Yes Tera Type: Flying - Kowtow Cleave - Iron Head - Sucker Punch - Tera Blast Mothra (Iron Moth) @ Booster Energy Ability: Quark Drive Level: 50 Tera Type: Grass - Protect - Acid Spray - Heat Wave - Energy Ball AllYouCanEat (Tatsugiri-Stretchy) (M) @ Focus Sash Ability: Commander Level: 50 Shiny: Yes Tera Type: Water - Protect - Muddy Water - Draco Meteor - Taunt Dragonite @ Choice Band Ability: Multiscale Level: 50 Tera Type: Normal - Dragon Claw - Giga Impact - Aqua Tail - Aqua Jet <\/details><\/div>\n|inactive|Battle timer is ON: inactive players will automatically lose when time's up. (requested by Nachetepete)\n|j| Ze Banded\n|c|\u2606LoafOfGodlyBread|DOZO BUDDY\n|c|\u2606LoafOfGodlyBread|glhf\n|inactive|LoafOfGodlyBread has 60 seconds left.\n|inactive|LoafOfGodlyBread has 30 seconds left.\n|\n|t:|1683017173\n|start\n|switch|p1a: Fruit-loops|Ting-Lu, L50|100\/100\n|switch|p1b: Dinner's ready!|Rotom-Heat, L50, shiny|100\/100\n|switch|p2a: Mothra|Iron Moth, L50|100\/100\n|switch|p2b: Mercoled\u00ec|Flutter Mane, L50|100\/100\n|-ability|p1a: Fruit-loops|Vessel of Ruin\n|-enditem|p2a: Mothra|Booster Energy\n|-activate|p2a: Mothra|ability: Quark Drive|[fromitem]\n|-start|p2a: Mothra|quarkdrivespe\n|turn|1\n|inactive|LoafOfGodlyBread has 30 seconds left.\n|inactive|LoafOfGodlyBread has 20 seconds left.\n|inactive|LoafOfGodlyBread has 15 seconds left.\n|\n|t:|1683017217\n|-terastallize|p1a: Fruit-loops|Water\n|move|p2a: Mothra|Protect|p2a: Mothra\n|-singleturn|p2a: Mothra|Protect\n|move|p2b: Mercoled\u00ec|Dazzling Gleam|p1a: Fruit-loops|[spread] p1a,p1b\n|-resisted|p1b: Dinner's ready!\n|-damage|p1a: Fruit-loops|85\/100\n|-damage|p1b: Dinner's ready!|83\/100\n|move|p1b: Dinner's ready!|Volt Switch|p2b: Mercoled\u00ec\n|-damage|p2b: Mercoled\u00ec|73\/100\n|\n|t:|1683017232\n|switch|p1b: Mayo|Dondozo, L50, F, shiny|100\/100|[from] Volt Switch\n|move|p1a: Fruit-loops|Heavy Slam|p2b: Mercoled\u00ec\n|-supereffective|p2b: Mercoled\u00ec\n|-damage|p2b: Mercoled\u00ec|0 fnt\n|faint|p2b: Mercoled\u00ec\n|-end|p2b: Mercoled\u00ec|Protosynthesis|[silent]\n|\n|upkeep\n|\n|t:|1683017253\n|switch|p2b: Dondozzo|Dondozo, L50, M|100\/100\n|turn|2\n|\n|t:|1683017261\n|-terastallize|p2a: Mothra|Grass\n|move|p1b: Mayo|Protect|p1b: Mayo\n|-singleturn|p1b: Mayo|Protect\n|move|p2b: Dondozzo|Protect|p2b: Dondozzo\n|-singleturn|p2b: Dondozzo|Protect\n|move|p2a: Mothra|Heat Wave|p1b: Mayo|[spread] p1a\n|-activate|p1b: Mayo|move: Protect\n|-resisted|p1a: Fruit-loops\n|-damage|p1a: Fruit-loops|79\/100\n|move|p1a: Fruit-loops|Fissure|p2b: Dondozzo\n|-activate|p2b: Dondozzo|move: Protect\n|\n|upkeep\n|turn|3\n|\n|t:|1683017278\n|switch|p1b: Dinner's ready!|Rotom-Heat, L50, shiny|83\/100\n|move|p2a: Mothra|Energy Ball|p1b: Dinner's ready!\n|-resisted|p1b: Dinner's ready!\n|-damage|p1b: Dinner's ready!|64\/100\n|move|p2b: Dondozzo|Order Up|p1a: Fruit-loops\n|-damage|p1a: Fruit-loops|62\/100\n|move|p1a: Fruit-loops|Fissure|p2b: Dondozzo\n|-damage|p2b: Dondozzo|0 fnt\n|faint|p2b: Dondozzo\n|-ohko\n|\n|upkeep\n|c| Ze Banded|FISURA\n|c| Ze Banded|FISURA\n|c|\u2606LoafOfGodlyBread|IVE COOKED\n|\n|t:|1683017302\n|switch|p2b: AllYouCanEat|Tatsugiri-Stretchy, L50, M, shiny|100\/100\n|turn|4\n|\n|t:|1683017323\n|move|p2a: Mothra|Energy Ball|p1a: Fruit-loops\n|-supereffective|p1a: Fruit-loops\n|-damage|p1a: Fruit-loops|32\/100\n|move|p2b: AllYouCanEat|Draco Meteor|p1b: Dinner's ready!\n|-damage|p1b: Dinner's ready!|4\/100\n|-unboost|p2b: AllYouCanEat|spa|2\n|move|p1b: Dinner's ready!|Overheat|p2a: Mothra\n|-supereffective|p2a: Mothra\n|-damage|p2a: Mothra|18\/100\n|-unboost|p1b: Dinner's ready!|spa|2\n|move|p1a: Fruit-loops|Fissure|p2b: AllYouCanEat|[miss]\n|-miss|p1a: Fruit-loops|p2b: AllYouCanEat\n|\n|upkeep\n|turn|5\n|inactive|Nachetepete has 30 seconds left.\n|inactive|Nachetepete has 20 seconds left.\n|inactive|Nachetepete has 15 seconds left.\n|inactive|Nachetepete has 10 seconds left.\n|inactive|Nachetepete has 5 seconds left.\n|\n|t:|1683017378\n|move|p2a: Mothra|Protect|p2a: Mothra\n|-singleturn|p2a: Mothra|Protect\n|move|p2b: AllYouCanEat|Protect|p2b: AllYouCanEat\n|-singleturn|p2b: AllYouCanEat|Protect\n|move|p1b: Dinner's ready!|Volt Switch|p2a: Mothra\n|-activate|p2a: Mothra|move: Protect\n|move|p1a: Fruit-loops|Stomping Tantrum|p2b: AllYouCanEat\n|-activate|p2b: AllYouCanEat|move: Protect\n|\n|upkeep\n|turn|6\n|l|\u2606Nachetepete\n|inactive|Nachetepete disconnected and has a minute to reconnect!\n|player|p2|\n|inactive|LoafOfGodlyBread has 30 seconds left.\n|inactive|Nachetepete has 30 seconds left.\n|inactive|LoafOfGodlyBread has 20 seconds left.\n|inactive|Nachetepete has 20 seconds left.\n|inactive|Nachetepete has 15 seconds left.\n|inactive|Nachetepete has 10 seconds left.\n|inactive|Nachetepete has 5 seconds left.\n|-message|Nachetepete lost due to inactivity.\n|\n|win|LoafOfGodlyBread\n|n|\u2606LoafOfGodlyBread|loafofgodlybread\n|n| Ze Banded|zebanded\n|c| Ze Banded|rip\n","uploadtime":1683017440,"views":14,"p1id":"loafofgodlybread","p2id":"nachetepete","formatid":"gen9vgc2023regulationc","rating":0,"private":0,"password":""}