{"id":"gen9vgc2023regulationc-1863295710","p1":"Slothdiesel","p2":"Gatita Feroz","format":"[Gen 9] VGC 2023 Regulation C","log":"|j|\u2606Slothdiesel\n|j|\u2606Gatita Feroz\n|t:|1683999140\n|gametype|doubles\n|player|p1|Slothdiesel|skier|1164\n|player|p2|Gatita Feroz|shauntal|1118\n|teamsize|p1|6\n|teamsize|p2|6\n|gen|9\n|tier|[Gen 9] VGC 2023 Regulation C\n|rated|\n|rule|Species Clause: Limit one of each Pok\u00e9mon\n|rule|Item Clause: Limit one of each item\n|clearpoke\n|poke|p1|Tauros-Paldea-Blaze, L50, M|\n|poke|p1|Tyranitar, L50, F|\n|poke|p1|Mimikyu, L50, F|\n|poke|p1|Scizor, L50, F|\n|poke|p1|Gastrodon-East, L50, F|\n|poke|p1|Flutter Mane, L50|\n|poke|p2|Gyarados, L50, F|\n|poke|p2|Amoonguss, L50, M|\n|poke|p2|Ting-Lu, L50|\n|poke|p2|Chi-Yu, L50|\n|poke|p2|Orthworm, L50, F|\n|poke|p2|Flutter Mane, L50|\n|teampreview|4\n|\n|t:|1683999215\n|start\n|switch|p1a: Scizor|Scizor, L50, F, shiny|100\/100\n|switch|p1b: Flutter Mane|Flutter Mane, L50, shiny|100\/100\n|switch|p2a: Armageddon|Orthworm, L50, F|100\/100\n|switch|p2b: Hoonguss|Amoonguss, L50, M|100\/100\n|-enditem|p1b: Flutter Mane|Booster Energy\n|-activate|p1b: Flutter Mane|ability: Protosynthesis|[fromitem]\n|-start|p1b: Flutter Mane|protosynthesisspa\n|turn|1\n|\n|t:|1683999244\n|-end|p1b: Flutter Mane|Protosynthesis|[silent]\n|switch|p1b: Tauros|Tauros-Paldea-Blaze, L50, M, shiny|100\/100\n|-ability|p1b: Tauros|Intimidate|boost\n|-unboost|p2a: Armageddon|atk|1\n|-unboost|p2b: Hoonguss|atk|1\n|move|p1a: Scizor|Close Combat|p2a: Armageddon\n|-supereffective|p2a: Armageddon\n|-damage|p2a: Armageddon|28\/100\n|-unboost|p1a: Scizor|def|1\n|-unboost|p1a: Scizor|spd|1\n|-enditem|p2a: Armageddon|Sitrus Berry|[eat]\n|-heal|p2a: Armageddon|53\/100|[from] item: Sitrus Berry\n|move|p2a: Armageddon|Shed Tail|p2a: Armageddon\n|-start|p2a: Armageddon|Substitute|[from] move: Shed Tail\n|-damage|p2a: Armageddon|3\/100\n|\n|t:|1683999274\n|switch|p2a: Bullwinkle|Ting-Lu, L50|100\/100|[from] Shed Tail\n|-ability|p2a: Bullwinkle|Vessel of Ruin\n|move|p2b: Hoonguss|Spore|p1a: Scizor\n|-status|p1a: Scizor|slp|[from] move: Spore\n|\n|upkeep\n|turn|2\n|\n|t:|1683999310\n|switch|p2b: Armageddon|Orthworm, L50, F|3\/100\n|cant|p1a: Scizor|slp\n|move|p1b: Tauros|Close Combat|p2a: Bullwinkle\n|-supereffective|p2a: Bullwinkle\n|-end|p2a: Bullwinkle|Substitute\n|-unboost|p1b: Tauros|def|1\n|-unboost|p1b: Tauros|spd|1\n|move|p2a: Bullwinkle|Earthquake|p1a: Scizor|[spread] p1a,p1b\n|-heal|p2b: Armageddon|28\/100|[from] ability: Earth Eater|[of] p2a: Bullwinkle\n|-supereffective|p1b: Tauros\n|-damage|p1a: Scizor|26\/100 slp\n|-damage|p1b: Tauros|0 fnt\n|faint|p1b: Tauros\n|\n|upkeep\n|\n|t:|1683999329\n|switch|p1b: Flutter Mane|Flutter Mane, L50, shiny|100\/100\n|turn|3\n|\n|t:|1683999362\n|-terastallize|p2a: Bullwinkle|Water\n|move|p1b: Flutter Mane|Dazzling Gleam|p2a: Bullwinkle|[spread] p2a,p2b\n|-resisted|p2b: Armageddon\n|-damage|p2a: Bullwinkle|85\/100\n|-damage|p2b: Armageddon|16\/100\n|move|p2a: Bullwinkle|Earthquake|p1a: Scizor|[spread] p1a,p1b\n|-heal|p2b: Armageddon|41\/100|[from] ability: Earth Eater|[of] p2a: Bullwinkle\n|-damage|p1a: Scizor|0 fnt\n|-damage|p1b: Flutter Mane|30\/100\n|faint|p1a: Scizor\n|move|p2b: Armageddon|Heavy Slam|p1b: Flutter Mane\n|-supereffective|p1b: Flutter Mane\n|-damage|p1b: Flutter Mane|0 fnt\n|faint|p1b: Flutter Mane\n|-end|p1b: Flutter Mane|Protosynthesis|[silent]\n|\n|upkeep\n|\n|t:|1683999394\n|switch|p1b: Tyranitar|Tyranitar, L50, F, shiny|100\/100\n|-weather|Sandstorm|[from] ability: Sand Stream|[of] p1b: Tyranitar\n|turn|4\n|-message|Slothdiesel forfeited.\n|\n|win|Gatita Feroz\n|raw|Slothdiesel's rating: 1164 → 1136<\/strong> (-28 for losing)\n|raw|Gatita Feroz's rating: 1118 → 1146<\/strong> (+28 for winning)\n|l|\u2606Slothdiesel\n","uploadtime":1683999418,"views":7,"p1id":"slothdiesel","p2id":"gatitaferoz","formatid":"gen9vgc2023regulationc","rating":1136,"private":0,"password":""}