{"id":"gen9vgc2023regulationc-1859076003","p1":"scrubrocket","p2":"Noaii","format":"[Gen 9] VGC 2023 Regulation C","log":"|j|\u2606scrubrocket\n|j|\u2606Noaii\n|t:|1683401549\n|gametype|doubles\n|player|p1|scrubrocket|266|1067\n|player|p2|Noaii|265|1095\n|teamsize|p1|6\n|teamsize|p2|6\n|gen|9\n|tier|[Gen 9] VGC 2023 Regulation C\n|rated|\n|rule|Species Clause: Limit one of each Pok\u00e9mon\n|rule|Item Clause: Limit one of each item\n|clearpoke\n|poke|p1|Palafin, L50, M|\n|poke|p1|Arcanine, L50, F|\n|poke|p1|Amoonguss, L50, M|\n|poke|p1|Chien-Pao, L50|\n|poke|p1|Dragonite, L50, F|\n|poke|p1|Flutter Mane, L50|\n|poke|p2|Iron Thorns, L50|\n|poke|p2|Scovillain, L50, F|\n|poke|p2|Bombirdier, L50, F|\n|poke|p2|Misdreavus, L50, F|\n|poke|p2|Dragapult, L50, F|\n|poke|p2|Espathra, L50, F|\n|teampreview|4\n|inactive|Battle timer is ON: inactive players will automatically lose when time's up. (requested by Noaii)\nNoaii rejected open team sheets.\n|\n|t:|1683401594\n|start\n|switch|p1a: Palafin|Palafin, L50, M|100\/100\n|switch|p1b: Chien-Pao|Chien-Pao, L50|100\/100\n|switch|p2a: Scovillain|Scovillain, L50, F|100\/100\n|switch|p2b: Espathra|Espathra, L50, F|100\/100\n|-ability|p1b: Chien-Pao|Sword of Ruin\n|turn|1\n|inactive|Noaii has 30 seconds left.\n|\n|t:|1683401623\n|detailschange|p1a: Palafin|Palafin-Hero, L50, M\n|switch|p1a: Arcanine|Arcanine, L50, F|100\/100\n|-ability|p1a: Arcanine|Intimidate|boost\n|-unboost|p2a: Scovillain|atk|1\n|-fail|p2b: Espathra|unboost|[from] item: Clear Amulet|[of] p2b: Espathra\n|-enditem|p2a: Scovillain|White Herb\n|-clearnegativeboost|p2a: Scovillain|[silent]\n|-terastallize|p2b: Espathra|Steel\n|move|p1b: Chien-Pao|Ice Spinner|p2a: Scovillain\n|-damage|p2a: Scovillain|3\/100\n|move|p2b: Espathra|Calm Mind|p2b: Espathra\n|-boost|p2b: Espathra|spa|1\n|-boost|p2b: Espathra|spd|1\n|move|p2a: Scovillain|Spicy Extract|p2b: Espathra\n|-fail|p2b: Espathra|unboost|[from] item: Clear Amulet|[of] p2b: Espathra\n|-boost|p2b: Espathra|atk|2\n|\n|-ability|p2b: Espathra|Speed Boost|boost\n|-boost|p2b: Espathra|spe|1\n|upkeep\n|turn|2\n|inactive|Noaii has 30 seconds left.\n|inactive|Noaii has 20 seconds left.\n|inactive|Noaii has 15 seconds left.\n|\n|t:|1683401663\n|move|p2b: Espathra|Protect|p2b: Espathra\n|-singleturn|p2b: Espathra|Protect\n|move|p1a: Arcanine|Extreme Speed|p2a: Scovillain\n|-damage|p2a: Scovillain|0 fnt\n|faint|p2a: Scovillain\n|move|p1b: Chien-Pao|Sacred Sword|p2b: Espathra\n|-activate|p2b: Espathra|move: Protect\n|\n|-ability|p2b: Espathra|Speed Boost|boost\n|-boost|p2b: Espathra|spe|1\n|upkeep\n|inactive|Noaii has 30 seconds left.\n|inactive|Noaii has 20 seconds left.\n|\n|t:|1683401698\n|switch|p2a: Misdreavus|Misdreavus, L50, F|100\/100\n|turn|3\n|\n|t:|1683401707\n|move|p1b: Chien-Pao|Sucker Punch||[still]\n|-fail|p1b: Chien-Pao\n|move|p2b: Espathra|Stored Power|p1a: Arcanine\n|-crit|p1a: Arcanine\n|-damage|p1a: Arcanine|0 fnt\n|faint|p1a: Arcanine\n|move|p2a: Misdreavus|Will-O-Wisp|p1b: Chien-Pao|[miss]\n|-miss|p2a: Misdreavus|p1b: Chien-Pao\n|\n|-ability|p2b: Espathra|Speed Boost|boost\n|-boost|p2b: Espathra|spe|1\n|upkeep\n|\n|t:|1683401721\n|switch|p1a: Palafin|Palafin-Hero, L50, M|100\/100\n|-activate|p1a: Palafin|ability: Zero to Hero\n|turn|4\n|\n|t:|1683401744\n|move|p1a: Palafin|Protect|p1a: Palafin\n|-singleturn|p1a: Palafin|Protect\n|move|p2b: Espathra|Stored Power|p1a: Palafin\n|-activate|p1a: Palafin|move: Protect\n|move|p1b: Chien-Pao|Sacred Sword|p2b: Espathra\n|-supereffective|p2b: Espathra\n|-damage|p2b: Espathra|0 fnt\n|faint|p2b: Espathra\n|move|p2a: Misdreavus|Will-O-Wisp|p1b: Chien-Pao\n|-status|p1b: Chien-Pao|brn\n|\n|-damage|p1b: Chien-Pao|95\/100 brn|[from] brn\n|upkeep\n|inactive|Noaii has 30 seconds left.\n|inactive|Noaii has 20 seconds left.\n|inactive|Noaii has 15 seconds left.\n|inactive|Noaii has 10 seconds left.\n|inactive|Noaii has 5 seconds left.\n|-message|Noaii forfeited.\n|\n|win|scrubrocket\n|raw|scrubrocket's rating: 1067 → 1099<\/strong> (+32 for winning)\n|raw|Noaii's rating: 1095 → 1069<\/strong> (-26 for losing)\n|l|\u2606Noaii\n","uploadtime":1683401801,"views":11,"p1id":"scrubrocket","p2id":"noaii","formatid":"gen9vgc2023regulationc","rating":1069,"private":0,"password":""}