{"id":"gen9vgc2023regulationc-1849751891","p1":"SubAtomicPoison","p2":"liviopocoyoco","format":"[Gen 9] VGC 2023 Regulation C","log":"|j|\u2606SubAtomicPoison\n|j|\u2606liviopocoyoco\n|t:|1682245309\n|gametype|doubles\n|player|p1|SubAtomicPoison|170|1289\n|player|p2|liviopocoyoco|rei|1180\n|teamsize|p1|6\n|teamsize|p2|6\n|gen|9\n|tier|[Gen 9] VGC 2023 Regulation C\n|rated|\n|rule|Species Clause: Limit one of each Pok\u00e9mon\n|rule|Item Clause: Limit one of each item\n|clearpoke\n|poke|p1|Dragapult, L50, F|\n|poke|p1|Medicham, L50, F|\n|poke|p1|Dondozo, L50, M|\n|poke|p1|Tatsugiri, L50, F|\n|poke|p1|Tyranitar, L50, M|\n|poke|p1|Houndstone, L50, F|\n|poke|p2|Iron Hands, L50|\n|poke|p2|Talonflame, L50, M|\n|poke|p2|Flutter Mane, L50|\n|poke|p2|Iron Bundle, L50|\n|poke|p2|Great Tusk, L50|\n|poke|p2|Chien-Pao, L50|\n|teampreview|4\n|inactive|Battle timer is ON: inactive players will automatically lose when time's up. (requested by liviopocoyoco)\n|inactive|liviopocoyoco has 60 seconds left.\n|\n|t:|1682245363\n|start\n|switch|p1a: Dondozo|Dondozo, L50, M|100\/100\n|switch|p1b: Medicham|Medicham, L50, F|100\/100\n|switch|p2a: wolfey|Talonflame, L50, M|100\/100\n|switch|p2b: Flutter Mane|Flutter Mane, L50, shiny|100\/100\n|turn|1\n|inactive|SubAtomicPoison has 30 seconds left.\n|inactive|SubAtomicPoison has 20 seconds left.\n|\n|t:|1682245400\n|-terastallize|p1b: Medicham|Poison\n|move|p2a: wolfey|Quick Guard|p2a: wolfey\n|-singleturn|p2a: wolfey|Quick Guard\n|move|p1b: Medicham|Poison Jab|p2b: Flutter Mane\n|-damage|p2b: Flutter Mane|0 fnt\n|faint|p2b: Flutter Mane\n|-end|p2b: Flutter Mane|Protosynthesis|[silent]\n|move|p1a: Dondozo|Rock Slide|p2a: wolfey\n|-supereffective|p2a: wolfey\n|-damage|p2a: wolfey|0 fnt\n|faint|p2a: wolfey\n|-damage|p1a: Dondozo|91\/100|[from] item: Life Orb\n|\n|upkeep\n|inactive|liviopocoyoco has 30 seconds left.\n|inactive|liviopocoyoco has 20 seconds left.\n|inactive|liviopocoyoco has 15 seconds left.\n|inactive|liviopocoyoco has 10 seconds left.\n|inactive|liviopocoyoco has 5 seconds left.\n|\n|t:|1682245454\n|switch|p2b: Chien-Pao|Chien-Pao, L50|100\/100\n|switch|p2a: tonx (bomber)|Iron Hands, L50|100\/100\n|-ability|p2b: Chien-Pao|Sword of Ruin\n|turn|2\n|\n|t:|1682245471\n|switch|p1b: Tatsugiri|Tatsugiri, L50, F|100\/100\n|-activate|p1b: Tatsugiri|ability: Commander|[of] p1a: Dondozo\n|-boost|p1a: Dondozo|atk|2\n|-boost|p1a: Dondozo|spa|2\n|-boost|p1a: Dondozo|spe|2\n|-boost|p1a: Dondozo|def|2\n|-boost|p1a: Dondozo|spd|2\n|move|p2a: tonx (bomber)|Fake Out|p1a: Dondozo\n|-damage|p1a: Dondozo|84\/100\n|move|p2b: Chien-Pao|Sucker Punch||[still]\n|-fail|p2b: Chien-Pao\n|cant|p1a: Dondozo|flinch\n|\n|upkeep\n|turn|3\n|inactive|SubAtomicPoison has 30 seconds left.\n|\n|t:|1682245499\n|move|p2b: Chien-Pao|Haze|p2b: Chien-Pao\n|-clearallboost\n|move|p2a: tonx (bomber)|Wild Charge|p1a: Dondozo\n|-supereffective|p1a: Dondozo\n|-damage|p1a: Dondozo|0 fnt\n|faint|p1a: Dondozo\n|-damage|p2a: tonx (bomber)|78\/100|[from] Recoil\n|\n|upkeep\n|\n|t:|1682245511\n|switch|p1a: Dragapult|Dragapult, L50, F|100\/100\n|turn|4\n|\n|t:|1682245522\n|move|p2b: Chien-Pao|Sucker Punch|p1a: Dragapult\n|-supereffective|p1a: Dragapult\n|-damage|p1a: Dragapult|0 fnt\n|faint|p1a: Dragapult\n|move|p1b: Tatsugiri|Draco Meteor|p2a: tonx (bomber)|[miss]\n|-miss|p1b: Tatsugiri|p2a: tonx (bomber)\n|move|p2a: tonx (bomber)|Wild Charge|p1b: Tatsugiri\n|-damage|p1b: Tatsugiri|0 fnt\n|faint|p1b: Tatsugiri\n|-damage|p2a: tonx (bomber)|64\/100|[from] Recoil\n|\n|upkeep\n|-message|SubAtomicPoison forfeited.\n|\n|win|liviopocoyoco\n|raw|SubAtomicPoison's rating: 1289 → 1256<\/strong> (-33 for losing)\n|raw|liviopocoyoco's rating: 1180 → 1213<\/strong> (+33 for winning)\n|l|\u2606SubAtomicPoison\n","uploadtime":1682245535,"views":10,"p1id":"subatomicpoison","p2id":"liviopocoyoco","formatid":"gen9vgc2023regulationc","rating":1213,"private":0,"password":""}