{"id":"gen9vgc2023regulationc-1855421394","p1":"WillieDangerously","p2":"al24088","format":"[Gen 9] VGC 2023 Regulation C","log":"|j|\u2606WillieDangerously\n|j|\u2606al24088\n|t:|1682949834\n|gametype|doubles\n|player|p1|WillieDangerously|psychic-gen4|1320\n|player|p2|al24088|preschooler|1371\n|teamsize|p1|6\n|teamsize|p2|6\n|gen|9\n|tier|[Gen 9] VGC 2023 Regulation C\n|rated|\n|rule|Species Clause: Limit one of each Pok\u00e9mon\n|rule|Item Clause: Limit one of each item\n|clearpoke\n|poke|p1|Chien-Pao, L50|\n|poke|p1|Amoonguss, L50, M|\n|poke|p1|Palafin, L50, F|\n|poke|p1|Dragapult, L50, F|\n|poke|p1|Scream Tail, L50|\n|poke|p1|Arcanine, L50, M|\n|poke|p2|Glimmora, L50, F|\n|poke|p2|Gastrodon-East, L50, F|\n|poke|p2|Maushold, L50|\n|poke|p2|Flutter Mane, L50|\n|poke|p2|Wo-Chien, L50|\n|poke|p2|Corviknight, L50, F|\n|teampreview|4\n|inactive|Battle timer is ON: inactive players will automatically lose when time's up. (requested by al24088)\n|\n|t:|1682949900\n|start\n|switch|p1a: Scream Tail|Scream Tail, L50|100\/100\n|switch|p1b: Dragapult|Dragapult, L50, F|100\/100\n|switch|p2a: Gastrodon|Gastrodon-East, L50, F|100\/100\n|switch|p2b: Glimmora|Glimmora, L50, F, shiny|100\/100\n|-enditem|p1a: Scream Tail|Booster Energy\n|-activate|p1a: Scream Tail|ability: Protosynthesis|[fromitem]\n|-start|p1a: Scream Tail|protosynthesisspe\n|turn|1\n|inactive|WillieDangerously has 30 seconds left.\n|\n|t:|1682949928\n|switch|p1b: Amoonguss|Amoonguss, L50, M|100\/100\n|move|p1a: Scream Tail|Thunder Wave|p2b: Glimmora\n|-status|p2b: Glimmora|par\n|move|p2a: Gastrodon|Icy Wind|p1b: Amoonguss|[spread] p1a,p1b\n|-supereffective|p1b: Amoonguss\n|-damage|p1a: Scream Tail|94\/100\n|-damage|p1b: Amoonguss|88\/100\n|-unboost|p1a: Scream Tail|spe|1\n|-unboost|p1b: Amoonguss|spe|1\n|move|p2b: Glimmora|Sludge Bomb|p1a: Scream Tail\n|-supereffective|p1a: Scream Tail\n|-damage|p1a: Scream Tail|32\/100\n|\n|upkeep\n|turn|2\n|inactive|WillieDangerously has 30 seconds left.\n|\n|t:|1682949956\n|move|p1a: Scream Tail|Protect|p1a: Scream Tail\n|-singleturn|p1a: Scream Tail|Protect\n|move|p2a: Gastrodon|Stealth Rock|p1b: Amoonguss\n|-sidestart|p1: WillieDangerously|move: Stealth Rock\n|move|p2b: Glimmora|Sludge Bomb|p1b: Amoonguss\n|-damage|p1b: Amoonguss|56\/100\n|move|p1b: Amoonguss|Giga Drain|p2b: Glimmora\n|-damage|p2b: Glimmora|84\/100 par\n|-heal|p1b: Amoonguss|63\/100|[from] drain|[of] p2b: Glimmora\n|\n|upkeep\n|turn|3\n|inactive|WillieDangerously has 30 seconds left.\n|inactive|al24088 has 30 seconds left.\n|inactive|WillieDangerously has 20 seconds left.\n|inactive|al24088 has 20 seconds left.\n|inactive|WillieDangerously has 15 seconds left.\n|inactive|WillieDangerously has 10 seconds left.\n|\n|t:|1682950002\n|-end|p1a: Scream Tail|Protosynthesis|[silent]\n|switch|p1a: Arcanine|Arcanine, L50, M|100\/100\n|-damage|p1a: Arcanine|76\/100|[from] Stealth Rock\n|-ability|p1a: Arcanine|Intimidate|boost\n|-unboost|p2a: Gastrodon|atk|1\n|-unboost|p2b: Glimmora|atk|1\n|move|p2a: Gastrodon|Icy Wind|p1a: Arcanine|[spread] p1a,p1b\n|-resisted|p1a: Arcanine\n|-crit|p1a: Arcanine\n|-supereffective|p1b: Amoonguss\n|-damage|p1a: Arcanine|68\/100\n|-damage|p1b: Amoonguss|53\/100\n|-unboost|p1a: Arcanine|spe|1\n|-unboost|p1b: Amoonguss|spe|1\n|move|p2b: Glimmora|Sludge Bomb|p1b: Amoonguss\n|-damage|p1b: Amoonguss|23\/100\n|move|p1b: Amoonguss|Spore|p2a: Gastrodon\n|-status|p2a: Gastrodon|slp|[from] move: Spore\n|\n|upkeep\n|turn|4\n|inactive|al24088 has 30 seconds left.\n|\n|t:|1682950031\n|move|p1a: Arcanine|Iron Head|p2b: Glimmora\n|-supereffective|p2b: Glimmora\n|-damage|p2b: Glimmora|36\/100 par\n|-activate|p2b: Glimmora|ability: Toxic Debris\n|-sidestart|p1: WillieDangerously|move: Toxic Spikes\n|cant|p2a: Gastrodon|slp\n|move|p2b: Glimmora|Power Gem|p1a: Arcanine\n|-supereffective|p1a: Arcanine\n|-damage|p1a: Arcanine|0 fnt\n|faint|p1a: Arcanine\n|move|p1b: Amoonguss|Giga Drain|p2a: Gastrodon\n|-supereffective|p2a: Gastrodon\n|-damage|p2a: Gastrodon|34\/100 slp\n|-heal|p1b: Amoonguss|55\/100|[from] drain|[of] p2a: Gastrodon\n|-enditem|p2a: Gastrodon|Sitrus Berry|[eat]\n|-heal|p2a: Gastrodon|59\/100 slp|[from] item: Sitrus Berry\n|\n|upkeep\n|-message|WillieDangerously forfeited.\n|\n|win|al24088\n|raw|WillieDangerously's rating: 1320 → 1303<\/strong> (-17 for losing)\n|raw|al24088's rating: 1371 → 1388<\/strong> (+17 for winning)\n","uploadtime":1682950051,"views":17,"p1id":"williedangerously","p2id":"al24088","formatid":"gen9vgc2023regulationc","rating":1303,"private":0,"password":""}