{"id":"gen9vgc2023regulationc-1854851959","p1":"Ninastan","p2":"Titi Grech","format":"[Gen 9] VGC 2023 Regulation C","log":"|j|\u2606Ninastan\n|j|\u2606Titi Grech\n|t:|1682873384\n|gametype|doubles\n|player|p1|Ninastan|aromalady|\n|player|p2|Titi Grech|101|\n|teamsize|p1|6\n|teamsize|p2|6\n|gen|9\n|tier|[Gen 9] VGC 2023 Regulation C\n|rated|Tournament battle\n|rule|Species Clause: Limit one of each Pok\u00e9mon\n|rule|Item Clause: Limit one of each item\n|clearpoke\n|poke|p1|Ting-Lu, L50|\n|poke|p1|Iron Hands, L50|\n|poke|p1|Flutter Mane, L50|\n|poke|p1|Arcanine, L50, F|\n|poke|p1|Palafin, L50, M|\n|poke|p1|Amoonguss, L50, M|\n|poke|p2|Arcanine, L50, M|\n|poke|p2|Rotom-Wash, L50|\n|poke|p2|Scizor, L50, F|\n|poke|p2|Flutter Mane, L50|\n|poke|p2|Chien-Pao, L50|\n|poke|p2|Garchomp, L50, M|\n|teampreview|4\n|raw| Open Team Sheet for Ninastan<\/summary>Oogie Boogie (Ting-Lu) @ Lum Berry Ability: Vessel of Ruin Level: 50 Tera Type: Fire - Protect - Fissure - Heavy Slam - Stomping Tantrum Mayor (Iron Hands) @ Assault Vest Ability: Quark Drive Level: 50 Shiny: Yes Tera Type: Grass - Fake Out - Volt Switch - Drain Punch - Wild Charge Sally (Flutter Mane) @ Booster Energy Ability: Protosynthesis Level: 50 Tera Type: Fairy - Protect - Substitute - Moonblast - Shadow Ball Lock (Arcanine) (F) @ Safety Goggles Ability: Intimidate Level: 50 Tera Type: Grass - Protect - Flare Blitz - Will-O-Wisp - Extreme Speed Jack (Palafin) (M) @ Mystic Water Ability: Zero to Hero Level: 50 Tera Type: Water - Haze - Protect - Jet Punch - Wave Crash Dr. Fink (Amoonguss) (M) @ Sitrus Berry Ability: Regenerator Level: 50 Tera Type: Water - Spore - Protect - Pollen Puff - Rage Powder <\/details><\/div> Open Team Sheet for Titi Grech<\/summary>Arcanine @ Safety Goggles Ability: Intimidate Level: 50 Shiny: Yes Tera Type: Flying - Extreme Speed - Flare Blitz - Protect - Will-O-Wisp Rotom (Rotom-Wash) @ Choice Specs Ability: Levitate Level: 50 Tera Type: Fire - Discharge - Hydro Pump - Shadow Ball - Tera Blast Scizor @ Life Orb Ability: Technician Level: 50 Tera Type: Fighting - Bullet Punch - Close Combat - X-Scissor - Protect Flutter Mane @ Booster Energy Ability: Protosynthesis Level: 50 Shiny: Yes Tera Type: Fairy - Dazzling Gleam - Shadow Ball - Energy Ball - Protect Chien-Pao @ Focus Sash Ability: Sword of Ruin Level: 50 Tera Type: Dark - Ice Spinner - Sucker Punch - Haze - Sacred Sword Garchomp @ Choice Scarf Ability: Rough Skin Level: 50 Tera Type: Ground - Earthquake - Dragon Claw - Iron Head - Rock Slide <\/details><\/div>\n|inactive|Battle timer is ON: inactive players will automatically lose when time's up. (requested by Titi Grech)\n|inactive|Ninastan has 60 seconds left.\n|j| LoafOfGodlyBread\n|\n|t:|1682873424\n|start\n|switch|p1a: Jack|Palafin, L50, M|100\/100\n|switch|p1b: Mayor|Iron Hands, L50, shiny|100\/100\n|switch|p2a: Garchomp|Garchomp, L50, M|100\/100\n|switch|p2b: Rotom|Rotom-Wash, L50|100\/100\n|turn|1\n|inactive|Ninastan has 30 seconds left.\n|inactive|Titi Grech has 30 seconds left.\n|inactive|Titi Grech has 20 seconds left.\n|inactive|Titi Grech has 15 seconds left.\n|inactive|Titi Grech has 10 seconds left.\n|inactive|Titi Grech has 5 seconds left.\n|\n|t:|1682873476\n|detailschange|p1a: Jack|Palafin-Hero, L50, M\n|switch|p1a: Sally|Flutter Mane, L50|100\/100\n|-enditem|p1a: Sally|Booster Energy\n|-activate|p1a: Sally|ability: Protosynthesis|[fromitem]\n|-start|p1a: Sally|protosynthesisspa\n|-terastallize|p2a: Garchomp|Ground\n|-terastallize|p1b: Mayor|Grass\n|move|p1b: Mayor|Fake Out|p2a: Garchomp\n|-damage|p2a: Garchomp|86\/100\n|-damage|p1b: Mayor|88\/100|[from] ability: Rough Skin|[of] p2a: Garchomp\n|cant|p2a: Garchomp|flinch\n|move|p2b: Rotom|Discharge|p1b: Mayor|[spread] p1a,p1b\n|-immune|p2a: Garchomp\n|-resisted|p1b: Mayor\n|-damage|p1a: Sally|64\/100\n|-damage|p1b: Mayor|77\/100\n|-status|p1b: Mayor|par\n|\n|upkeep\n|turn|2\n|inactive|Ninastan has 30 seconds left.\n|inactive|Ninastan has 20 seconds left.\n|inactive|Ninastan has 15 seconds left.\n|\n|t:|1682873517\n|move|p2a: Garchomp|Earthquake|p1a: Sally|[spread] p1a,p1b\n|-immune|p2b: Rotom|[from] ability: Levitate\n|-resisted|p1b: Mayor\n|-damage|p1a: Sally|0 fnt\n|-damage|p1b: Mayor|59\/100 par\n|faint|p1a: Sally\n|-end|p1a: Sally|Protosynthesis|[silent]\n|move|p2b: Rotom|Discharge|p1b: Mayor|[spread] p1b\n|-immune|p2a: Garchomp\n|-resisted|p1b: Mayor\n|-damage|p1b: Mayor|50\/100 par\n|cant|p1b: Mayor|par\n|\n|upkeep\n|c|\u2606Ninastan|:\/\n|\n|t:|1682873539\n|switch|p1a: Jack|Palafin-Hero, L50, M|100\/100\n|-activate|p1a: Jack|ability: Zero to Hero\n|turn|3\n|\n|t:|1682873548\n|move|p1a: Jack|Jet Punch|p2a: Garchomp\n|-supereffective|p2a: Garchomp\n|-damage|p2a: Garchomp|0 fnt\n|-damage|p1a: Jack|88\/100|[from] ability: Rough Skin|[of] p2a: Garchomp\n|faint|p2a: Garchomp\n|move|p2b: Rotom|Discharge|p1a: Jack|[spread] p1a,p1b\n|-supereffective|p1a: Jack\n|-resisted|p1b: Mayor\n|-crit|p1b: Mayor\n|-damage|p1a: Jack|0 fnt\n|-damage|p1b: Mayor|34\/100 par\n|faint|p1a: Jack\n|move|p1b: Mayor|Drain Punch|p2b: Rotom\n|-damage|p2b: Rotom|40\/100\n|-heal|p1b: Mayor|49\/100 par|[from] drain|[of] p2b: Rotom\n|\n|upkeep\n|\n|t:|1682873563\n|switch|p2a: Scizor|Scizor, L50, F|100\/100\n|switch|p1a: Lock|Arcanine, L50, F|100\/100\n|-ability|p1a: Lock|Intimidate|boost\n|-unboost|p2a: Scizor|atk|1\n|-unboost|p2b: Rotom|atk|1\n|turn|4\n|\n|t:|1682873580\n|move|p1a: Lock|Protect|p1a: Lock\n|-singleturn|p1a: Lock|Protect\n|move|p2b: Rotom|Discharge|p1b: Mayor|[spread] p2a,p1b\n|-activate|p1a: Lock|move: Protect\n|-resisted|p1b: Mayor\n|-damage|p2a: Scizor|50\/100\n|-damage|p1b: Mayor|38\/100 par\n|-status|p2a: Scizor|par\n|move|p2a: Scizor|X-Scissor|p1b: Mayor\n|-supereffective|p1b: Mayor\n|-damage|p1b: Mayor|0 fnt\n|faint|p1b: Mayor\n|-end|p1b: Mayor|Quark Drive|[silent]\n|-damage|p2a: Scizor|40\/100 par|[from] item: Life Orb\n|\n|upkeep\n|turn|5\n|\n|t:|1682873599\n|cant|p2a: Scizor|par\n|move|p1a: Lock|Extreme Speed|p2b: Rotom\n|-damage|p2b: Rotom|11\/100\n|move|p2b: Rotom|Discharge|p1a: Lock|[spread] p2a,p1a\n|-damage|p2a: Scizor|0 fnt\n|-damage|p1a: Lock|51\/100\n|faint|p2a: Scizor\n|\n|upkeep\n|\n|t:|1682873608\n|switch|p2a: Flutter Mane|Flutter Mane, L50, shiny|100\/100\n|-enditem|p2a: Flutter Mane|Booster Energy\n|-activate|p2a: Flutter Mane|ability: Protosynthesis|[fromitem]\n|-start|p2a: Flutter Mane|protosynthesisspa\n|turn|6\n|\n|t:|1682873624\n|move|p1a: Lock|Extreme Speed|p2b: Rotom\n|-damage|p2b: Rotom|0 fnt\n|faint|p2b: Rotom\n|move|p2a: Flutter Mane|Shadow Ball|p1a: Lock\n|-damage|p1a: Lock|0 fnt\n|faint|p1a: Lock\n|\n|win|Titi Grech\n|n|\u2606Ninastan|ninastan\n|n|\u2606Titi Grech|titigrech\n|n| LoafOfGodlyBread|loafofgodlybread\n","uploadtime":1682873627,"views":9,"p1id":"ninastan","p2id":"titigrech","formatid":"gen9vgc2023regulationc","rating":0,"private":0,"password":""}