{"id":"gen9vgc2023regulationc-1859362603","p1":"80u844z","p2":"Arcacagne","format":"[Gen 9] VGC 2023 Regulation C","log":"|j|\u260680u844z\n|j|\u2606Arcacagne\n|t:|1683447760\n|gametype|doubles\n|player|p1|80u844z|bruno|1206\n|player|p2|Arcacagne|2|1085\n|teamsize|p1|6\n|teamsize|p2|6\n|gen|9\n|tier|[Gen 9] VGC 2023 Regulation C\n|rated|\n|rule|Species Clause: Limit one of each Pok\u00e9mon\n|rule|Item Clause: Limit one of each item\n|clearpoke\n|poke|p1|Drednaw, L50, M|\n|poke|p1|Iron Hands, L50|\n|poke|p1|Pelipper, L50, M|\n|poke|p1|Flutter Mane, L50|\n|poke|p1|Chien-Pao, L50|\n|poke|p1|Palafin, L50, M|\n|poke|p2|Chi-Yu, L50|\n|poke|p2|Flutter Mane, L50|\n|poke|p2|Amoonguss, L50, F|\n|poke|p2|Palafin, L50, F|\n|poke|p2|Kingambit, L50, F|\n|poke|p2|Arcanine, L50, F|\n|teampreview|4\n|inactive|Battle timer is ON: inactive players will automatically lose when time's up. (requested by 80u844z)\n|\n|t:|1683447782\n|start\n|switch|p1a: Iron Hands|Iron Hands, L50|100\/100\n|switch|p1b: Palafin|Palafin, L50, M, shiny|100\/100\n|switch|p2a: Kingambit|Kingambit, L50, F|100\/100\n|switch|p2b: Palafin|Palafin, L50, F|100\/100\n|turn|1\n|\n|t:|1683447806\n|detailschange|p2b: Palafin|Palafin-Hero, L50, F\n|switch|p2b: Amoonguss|Amoonguss, L50, F|100\/100\n|-terastallize|p2a: Kingambit|Water\n|move|p1a: Iron Hands|Fake Out|p2a: Kingambit\n|-damage|p2a: Kingambit|88\/100\n|move|p1b: Palafin|Flip Turn|p2a: Kingambit\n|-resisted|p2a: Kingambit\n|-damage|p2a: Kingambit|75\/100\n|\n|t:|1683447821\n|detailschange|p1b: Palafin|Palafin-Hero, L50, M, shiny\n|switch|p1b: Pelipper|Pelipper, L50, M|100\/100|[from] Flip Turn\n|-weather|RainDance|[from] ability: Drizzle|[of] p1b: Pelipper\n|cant|p2a: Kingambit|flinch\n|\n|-weather|RainDance|[upkeep]\n|upkeep\n|turn|2\n|inactive|Arcacagne has 30 seconds left.\n|\n|t:|1683447848\n|switch|p2a: Flutter Mane|Flutter Mane, L50|100\/100\n|-enditem|p2a: Flutter Mane|Booster Energy\n|-activate|p2a: Flutter Mane|ability: Protosynthesis|[fromitem]\n|-start|p2a: Flutter Mane|protosynthesisspa\n|move|p1b: Pelipper|Hurricane|p2b: Amoonguss\n|-supereffective|p2b: Amoonguss\n|-damage|p2b: Amoonguss|37\/100\n|-enditem|p2b: Amoonguss|Sitrus Berry|[eat]\n|-heal|p2b: Amoonguss|62\/100|[from] item: Sitrus Berry\n|move|p1a: Iron Hands|Wild Charge|p2a: Flutter Mane\n|-damage|p2a: Flutter Mane|19\/100\n|-damage|p1a: Iron Hands|88\/100|[from] Recoil\n|move|p2b: Amoonguss|Spore|p1b: Pelipper\n|-status|p1b: Pelipper|slp|[from] move: Spore\n|\n|-weather|RainDance|[upkeep]\n|upkeep\n|turn|3\n|inactive|80u844z has 30 seconds left.\n|\n|t:|1683447882\n|-terastallize|p1a: Iron Hands|Flying\n|move|p2a: Flutter Mane|Protect|p2a: Flutter Mane\n|-singleturn|p2a: Flutter Mane|Protect\n|cant|p1b: Pelipper|slp\n|move|p1a: Iron Hands|Volt Switch|p2a: Flutter Mane\n|-activate|p2a: Flutter Mane|move: Protect\n|move|p2b: Amoonguss|Spore|p1a: Iron Hands\n|-status|p1a: Iron Hands|slp|[from] move: Spore\n|\n|-weather|RainDance|[upkeep]\n|upkeep\n|turn|4\n|l|\u260680u844z\n|inactive|80u844z disconnected and has a minute to reconnect!\n|player|p1|\n|inactive|80u844z has 30 seconds left.\n|inactive|80u844z has 20 seconds left.\n|inactive|80u844z has 15 seconds left.\n|inactive|80u844z has 10 seconds left.\n|inactive|80u844z has 5 seconds left.\n|-message|80u844z lost due to inactivity.\n|\n|win|Arcacagne\n|raw|80u844z's rating: 1206 → 1173<\/strong> (-33 for losing)\n|raw|Arcacagne's rating: 1085 → 1121<\/strong> (+36 for winning)\n|c|\u2606Arcacagne|lol\n","uploadtime":1683447945,"views":15,"p1id":"80u844z","p2id":"arcacagne","formatid":"gen9vgc2023regulationc","rating":1121,"private":0,"password":""}