{"id":"gen9vgc2023regulationc-1846509666","p1":"Moxie Boosted","p2":"omegaruby35","format":"[Gen 9] VGC 2023 Regulation C","log":"|j|\u2606Moxie Boosted\n|j|\u2606omegaruby35\n|t:|1681846978\n|gametype|doubles\n|player|p1|Moxie Boosted|ingo|\n|player|p2|omegaruby35|roxie|\n|teamsize|p1|6\n|teamsize|p2|6\n|gen|9\n|tier|[Gen 9] VGC 2023 Regulation C\n|rated|Tournament battle\n|rule|Species Clause: Limit one of each Pok\u00e9mon\n|rule|Item Clause: Limit one of each item\n|clearpoke\n|poke|p1|Slither Wing, L50|\n|poke|p1|Flutter Mane, L50|\n|poke|p1|Chien-Pao, L50|\n|poke|p1|Arcanine, L50, M|\n|poke|p1|Palafin, L50, F|\n|poke|p1|Amoonguss, L50, M|\n|poke|p2|Ting-Lu, L50|\n|poke|p2|Gothitelle, L50, M|\n|poke|p2|Flutter Mane, L50|\n|poke|p2|Tinkaton, L50, F|\n|poke|p2|Tyranitar, L50, M|\n|poke|p2|Amoonguss, L50, M|\n|teampreview|4\n|raw| Open Team Sheet for Moxie Boosted<\/summary>Slither Wing @ Assault Vest Ability: Protosynthesis Level: 50 Tera Type: Fire - Flare Blitz - Close Combat - First Impression - Flame Charge Flutter Mane @ Booster Energy Ability: Protosynthesis Level: 50 Tera Type: Fairy - Shadow Ball - Protect - Substitute - Moonblast Chien-Pao @ Focus Sash Ability: Sword of Ruin Level: 50 Tera Type: Ghost - Protect - Sucker Punch - Ice Spinner - Swords Dance Arcanine @ Safety Goggles Ability: Intimidate Level: 50 Tera Type: Water - Flare Blitz - Will-O-Wisp - Extreme Speed - Protect Palafin @ Mystic Water Ability: Zero to Hero Level: 50 Tera Type: Water - Jet Punch - Wave Crash - Haze - Protect Amoonguss @ Sitrus Berry Ability: Regenerator Level: 50 Tera Type: Flying - Protect - Spore - Pollen Puff - Rage Powder <\/details><\/div> Open Team Sheet for omegaruby35<\/summary>Hakai (Ting-Lu) @ Assault Vest Ability: Vessel of Ruin Level: 50 Tera Type: Water - Fissure - Stomping Tantrum - Heavy Slam - Ruination Get over here (Gothitelle) @ Leftovers Ability: Shadow Tag Level: 50 Shiny: Yes Tera Type: Dark - Fake Out - Protect - Psychic - Taunt Calyrex but fairy (Flutter Mane) @ Booster Energy Ability: Protosynthesis Level: 50 Tera Type: Fairy - Moonblast - Thunderbolt - Shadow Ball - Protect King DDD (Tinkaton) (F) @ Sitrus Berry Ability: Own Tempo Level: 50 Tera Type: Water - Fake Out - Thunder Wave - Play Rough - Gigaton Hammer Ol Reliable (Tyranitar) @ Clear Amulet Ability: Sand Stream Level: 50 Shiny: Yes Tera Type: Flying - Rock Slide - Tera Blast - Low Kick - Protect Insert joke here (Amoonguss) @ Rocky Helmet Ability: Regenerator Level: 50 Shiny: Yes Tera Type: Water - Rage Powder - Spore - Pollen Puff - Protect <\/details><\/div>\n|j| CoachChris\n|j| Wottl3y\n|j| Hypersonicly\u2714\ufe0f\n|j| volcaronavgc\n|j| abstractrandomness\n|j| Crxnos\n|c|\u2606Moxie Boosted|Gl hd\n|c|\u2606Moxie Boosted|Hf*\n|j| Sotero23\n|c|\u2606omegaruby35|glhf\n|c| volcaronavgc|:o not dozo\n|c| Hypersonicly\u2714\ufe0f|i was hoping i would see this team in my game\n|c| volcaronavgc|lol\n|c| Crxnos|standy mcmothpants lfg\n|c| CoachChris|Moxie random number generating the team he brings\n|c|\u2606omegaruby35|This is a weird matchup lol\n|j| Tameryn\n|c|\u2606Moxie Boosted|Crap i dodnt mean to lock this team\n|c| volcaronavgc|lol\n|c|\u2606Moxie Boosted|I just noticed from chat lol\n|c| Hypersonicly\u2714\ufe0f|xD\n|c|\u2606Moxie Boosted|Oh well\n|j| RoderickVE\n|c| volcaronavgc|i think u meant to lock the dozo\n|j| godlydefeater\n|c|\u2606Moxie Boosted|Ye\n|c| Crxnos|damn lmao\n|c|\u2606omegaruby35|Oh thank god\n|c| CoachChris|Oh no, I HAVE to use slither wing, whatever will I do\n|c| godlydefeater|oh its moxie damn\n|c| volcaronavgc|classic moxie throwing ur boss got back at u without knowing ig\n|c| volcaronavgc|boss standy ofc\n|\n|t:|1681847086\n|start\n|switch|p1a: Slither Wing|Slither Wing, L50|100\/100\n|switch|p1b: Flutter Mane|Flutter Mane, L50|100\/100\n|switch|p2a: King DDD|Tinkaton, L50, F|100\/100\n|switch|p2b: Get over here|Gothitelle, L50, M, shiny|100\/100\n|-enditem|p1b: Flutter Mane|Booster Energy\n|-activate|p1b: Flutter Mane|ability: Protosynthesis|[fromitem]\n|-start|p1b: Flutter Mane|protosynthesisspa\n|turn|1\n|j| Ab0ve5029\n|j| Thingamajig 3053\n|c| godlydefeater|lowkey a fire battle\n|c| Crxnos|ong\n|j| No.1 Stringler Fan\n|\n|t:|1681847136\n|move|p1b: Flutter Mane|Protect|p1b: Flutter Mane\n|-singleturn|p1b: Flutter Mane|Protect\n|move|p2b: Get over here|Fake Out|p1a: Slither Wing\n|-damage|p1a: Slither Wing|93\/100\n|move|p2a: King DDD|Thunder Wave|p1a: Slither Wing\n|-status|p1a: Slither Wing|par\n|cant|p1a: Slither Wing|flinch\n|\n|upkeep\n|turn|2\n|c|\u2606omegaruby35|Oh wait King DDD is a girl...\n|j| Mut-antVGC\n|c| godlydefeater|sexist\n|\n|t:|1681847155\n|-terastallize|p1a: Slither Wing|Fire\n|move|p2b: Get over here|Protect|p2b: Get over here\n|-singleturn|p2b: Get over here|Protect\n|move|p1b: Flutter Mane|Substitute|p1b: Flutter Mane\n|-start|p1b: Flutter Mane|Substitute\n|-damage|p1b: Flutter Mane|76\/100\n|move|p2a: King DDD|Play Rough|p1b: Flutter Mane\n|-end|p1b: Flutter Mane|Substitute\n|move|p1a: Slither Wing|Flare Blitz|p2a: King DDD\n|-supereffective|p2a: King DDD\n|-damage|p2a: King DDD|0 fnt\n|faint|p2a: King DDD\n|-damage|p1a: Slither Wing|57\/100 par|[from] Recoil\n|\n|upkeep\n|c| Crxnos|canceled\n|j| TDDwarf\n|c|\u2606omegaruby35|ouch\n|\n|t:|1681847173\n|switch|p2a: Ol Reliable|Tyranitar, L50, M, shiny|100\/100\n|-weather|Sandstorm|[from] ability: Sand Stream|[of] p2a: Ol Reliable\n|turn|3\n|c| volcaronavgc|he hits back\n|c| godlydefeater|moxie auto wins bc of opponent being discriminatory\n|c|\u2606omegaruby35|hold up\n|c| volcaronavgc|lol\n|\n|t:|1681847199\n|move|p1b: Flutter Mane|Substitute|p1b: Flutter Mane\n|-start|p1b: Flutter Mane|Substitute\n|-damage|p1b: Flutter Mane|52\/100\n|move|p2a: Ol Reliable|Rock Slide|p1b: Flutter Mane|[spread] p1a,p1b\n|-end|p1b: Flutter Mane|Substitute\n|-supereffective|p1a: Slither Wing\n|-damage|p1a: Slither Wing|0 fnt\n|faint|p1a: Slither Wing\n|-end|p1a: Slither Wing|Protosynthesis|[silent]\n|move|p2b: Get over here|Taunt|p1b: Flutter Mane\n|-start|p1b: Flutter Mane|move: Taunt\n|\n|-weather|Sandstorm|[upkeep]\n|-damage|p1b: Flutter Mane|46\/100|[from] Sandstorm\n|-damage|p2b: Get over here|94\/100|[from] Sandstorm\n|-heal|p2b: Get over here|100\/100|[from] item: Leftovers\n|upkeep\n|\n|t:|1681847210\n|switch|p1a: Chien-Pao|Chien-Pao, L50|100\/100\n|-ability|p1a: Chien-Pao|Sword of Ruin\n|turn|4\n|l| Sotero23\n|\n|t:|1681847244\n|switch|p2b: Insert joke here|Amoonguss, L50, M, shiny|100\/100\n|move|p2a: Ol Reliable|Protect|p2a: Ol Reliable\n|-singleturn|p2a: Ol Reliable|Protect\n|move|p1a: Chien-Pao|Ice Spinner|p2b: Insert joke here\n|-supereffective|p2b: Insert joke here\n|-damage|p2b: Insert joke here|10\/100\n|-damage|p1a: Chien-Pao|84\/100|[from] item: Rocky Helmet|[of] p2b: Insert joke here\n|move|p1b: Flutter Mane|Shadow Ball|p2b: Insert joke here\n|-damage|p2b: Insert joke here|0 fnt\n|faint|p2b: Insert joke here\n|\n|-weather|Sandstorm|[upkeep]\n|-damage|p1a: Chien-Pao|78\/100|[from] Sandstorm\n|-damage|p1b: Flutter Mane|40\/100|[from] Sandstorm\n|upkeep\n|c|\u2606omegaruby35|Oh piss\n|c| godlydefeater|the read?\n|c| volcaronavgc|oh my\n|\n|t:|1681847259\n|switch|p2b: Get over here|Gothitelle, L50, M, shiny|100\/100\n|turn|5\n|c| Crxnos|dayum\n|\n|t:|1681847281\n|move|p1a: Chien-Pao|Protect|p1a: Chien-Pao\n|-singleturn|p1a: Chien-Pao|Protect\n|move|p2b: Get over here|Fake Out|p1a: Chien-Pao\n|-activate|p1a: Chien-Pao|move: Protect\n|move|p1b: Flutter Mane|Moonblast|p2a: Ol Reliable\n|-supereffective|p2a: Ol Reliable\n|-damage|p2a: Ol Reliable|23\/100\n|move|p2a: Ol Reliable|Rock Slide|p1a: Chien-Pao|[spread] p1b\n|-activate|p1a: Chien-Pao|move: Protect\n|-damage|p1b: Flutter Mane|0 fnt\n|faint|p1b: Flutter Mane\n|-end|p1b: Flutter Mane|Protosynthesis|[silent]\n|\n|-weather|Sandstorm|[upkeep]\n|-damage|p1a: Chien-Pao|72\/100|[from] Sandstorm\n|-damage|p2b: Get over here|94\/100|[from] Sandstorm\n|-heal|p2b: Get over here|100\/100|[from] item: Leftovers\n|upkeep\n|c| volcaronavgc|the shadow ball i get but the double im impressed\n|c| godlydefeater|not only was he sexist, he got read\n|\n|t:|1681847290\n|switch|p1b: Palafin|Palafin, L50, F|100\/100\n|turn|6\n|c|\u2606omegaruby35|....\n|c| volcaronavgc|oh its baby fin\n|c|\u2606omegaruby35|I'm not sexist\n|c| godlydefeater|im joking\n|c|\u2606omegaruby35|trust me your hour\n|c|\u2606omegaruby35|*honour\n|\n|t:|1681847328\n|move|p1b: Palafin|Jet Punch|p2a: Ol Reliable\n|-supereffective|p2a: Ol Reliable\n|-damage|p2a: Ol Reliable|0 fnt\n|faint|p2a: Ol Reliable\n|move|p1a: Chien-Pao|Swords Dance|p1a: Chien-Pao\n|-boost|p1a: Chien-Pao|atk|2\n|move|p2b: Get over here|Psychic|p1b: Palafin\n|-damage|p1b: Palafin|60\/100\n|\n|-weather|Sandstorm|[upkeep]\n|-damage|p1a: Chien-Pao|67\/100|[from] Sandstorm\n|-damage|p1b: Palafin|54\/100|[from] Sandstorm\n|-damage|p2b: Get over here|94\/100|[from] Sandstorm\n|-heal|p2b: Get over here|100\/100|[from] item: Leftovers\n|upkeep\n|turn|7\n|c| CoachChris|The secret in-the-back baby dolphin tech\n|c|\u2606omegaruby35|yh it's doomed lol\n|c|\u2606Moxie Boosted|Gg wp\n|c| godlydefeater|bro he flexing\n|\n|t:|1681847343\n|move|p1a: Chien-Pao|Ice Spinner|p2b: Get over here\n|-damage|p2b: Get over here|5\/100\n|move|p1b: Palafin|Wave Crash|p2b: Get over here\n|-damage|p2b: Get over here|0 fnt\n|faint|p2b: Get over here\n|-damage|p1b: Palafin|53\/100|[from] Recoil\n|\n|win|Moxie Boosted\n|n|\u2606Moxie Boosted|moxieboosted\n|n|\u2606omegaruby35|omegaruby35\n|n| CoachChris|coachchris\n|n| Wottl3y|wottl3y\n|n| Hypersonicly\u2714\ufe0f|hypersonicly\n|n| volcaronavgc|volcaronavgc\n|n| abstractrandomness|abstractrandomness\n|n| Crxnos|crxnos\n|n| Tameryn|tameryn\n|n| RoderickVE|roderickve\n|n| godlydefeater|godlydefeater\n|n| Ab0ve5029|ab0ve5029\n|n| Thingamajig 3053|thingamajig3053\n|n| No.1 Stringler Fan|no1stringlerfan\n|n| Mut-antVGC|mutantvgc\n|n| TDDwarf|tddwarf\n|c|\u2606omegaruby35|gg\n|c| volcaronavgc|it is now time for you the jury to go away and make ur decision\n|c|\u2606omegaruby35|wp\n|l| abstractrandomness\n|l| CoachChris\n|l| Tameryn\n|l| Thingamajig 3053\n","uploadtime":1681847345,"views":5,"p1id":"moxieboosted","p2id":"omegaruby35","formatid":"gen9vgc2023regulationc","rating":0,"private":0,"password":""}