{"id":"gen9vgc2023regulationc-1862497103","p1":"Poketata","p2":"Jojojochem06","format":"[Gen 9] VGC 2023 Regulation C","log":"|j|\u2606Poketata\n|j|\u2606Jojojochem06\n|t:|1683894398\n|gametype|doubles\n|player|p1|Poketata|266|1059\n|player|p2|Jojojochem06|steven|1039\n|teamsize|p1|5\n|teamsize|p2|6\n|gen|9\n|tier|[Gen 9] VGC 2023 Regulation C\n|rated|\n|rule|Species Clause: Limit one of each Pok\u00e9mon\n|rule|Item Clause: Limit one of each item\n|clearpoke\n|poke|p1|Electrode, L50|\n|poke|p1|Cloyster, L50, F|\n|poke|p1|Corviknight, L50, M|\n|poke|p1|Garchomp, L50, M|\n|poke|p1|Iron Valiant, L50|\n|poke|p2|Armarouge, L50, F|\n|poke|p2|Indeedee-F, L50, F|\n|poke|p2|Gholdengo, L50|\n|poke|p2|Sylveon, L50, F|\n|poke|p2|Flamigo, L50, F|\n|poke|p2|Chien-Pao, L50|\n|teampreview|4\n|inactive|Battle timer is ON: inactive players will automatically lose when time's up. (requested by Poketata)\nPoketata rejected open team sheets.\n|inactive|Poketata has 60 seconds left.\n|inactive|Jojojochem06 has 60 seconds left.\n|\n|t:|1683894446\n|start\n|switch|p1a: Garchomp|Garchomp, L50, M, shiny|100\/100\n|switch|p1b: Corviknight|Corviknight, L50, M, shiny|100\/100\n|switch|p2a: Armarouge|Armarouge, L50, F|100\/100\n|switch|p2b: Indeedee|Indeedee-F, L50, F|100\/100\n|-ability|p1b: Corviknight|Unnerve\n|-fieldstart|move: Psychic Terrain|[from] ability: Psychic Surge|[of] p2b: Indeedee\n|turn|1\n|\n|t:|1683894469\n|move|p2a: Armarouge|Endure|p2a: Armarouge\n|-singleturn|p2a: Armarouge|move: Endure\n|move|p1b: Corviknight|Protect|p1b: Corviknight\n|-singleturn|p1b: Corviknight|Protect\n|move|p1a: Garchomp|Swords Dance|p1a: Garchomp\n|-boost|p1a: Garchomp|atk|2\n|move|p2b: Indeedee|Heal Pulse|p2a: Armarouge\n|-fail|p2a: Armarouge|heal\n|\n|upkeep\n|turn|2\n|\n|t:|1683894491\n|move|p1a: Garchomp|Earthquake|p2a: Armarouge|[spread] p2a,p2b\n|-immune|p1b: Corviknight\n|-supereffective|p2a: Armarouge\n|-damage|p2a: Armarouge|0 fnt\n|-damage|p2b: Indeedee|0 fnt\n|faint|p2a: Armarouge\n|faint|p2b: Indeedee\n|-damage|p1a: Garchomp|91\/100|[from] item: Life Orb\n|move|p1b: Corviknight|Brave Bird|p2: Armarouge|[notarget]\n|-fail|p1b: Corviknight\n|\n|upkeep\n|\n|t:|1683894496\n|switch|p2a: Chien-Pao|Chien-Pao, L50|100\/100\n|switch|p2b: Sylveon|Sylveon, L50, F|100\/100\n|-ability|p2a: Chien-Pao|Sword of Ruin\n|turn|3\n|inactive|Jojojochem06 has 30 seconds left.\n|\n|t:|1683894523\n|-terastallize|p1a: Garchomp|Steel\n|move|p2a: Chien-Pao|Ice Spinner|p1a: Garchomp\n|-resisted|p1a: Garchomp\n|-damage|p1a: Garchomp|62\/100\n|-fieldend|move: Psychic Terrain\n|-damage|p2a: Chien-Pao|88\/100|[from] ability: Rough Skin|[of] p1a: Garchomp\n|move|p1a: Garchomp|Earthquake|p2b: Sylveon|[spread] p2a,p2b\n|-immune|p1b: Corviknight\n|-damage|p2a: Chien-Pao|0 fnt\n|-damage|p2b: Sylveon|0 fnt\n|faint|p2a: Chien-Pao\n|faint|p2b: Sylveon\n|-damage|p1a: Garchomp|52\/100|[from] item: Life Orb\n|\n|win|Poketata\n|raw|Poketata's rating: 1059 → 1088<\/strong> (+29 for winning)\n|raw|Jojojochem06's rating: 1039 → 1024<\/strong> (-15 for losing)\n|l|\u2606Jojojochem06\n","uploadtime":1683894537,"views":14,"p1id":"poketata","p2id":"jojojochem06","formatid":"gen9vgc2023regulationc","rating":1024,"private":0,"password":""}