{"id":"gen9vgc2023regulationc-1850859505","p1":"megaprawn","p2":"ZaikoAir","format":"[Gen 9] VGC 2023 Regulation C","log":"|j|\u2606megaprawn\n|j|\u2606ZaikoAir\n|t:|1682375239\n|gametype|doubles\n|player|p1|megaprawn|skierf-gen4dp|1387\n|player|p2|ZaikoAir|roxie|1428\n|teamsize|p1|6\n|teamsize|p2|6\n|gen|9\n|tier|[Gen 9] VGC 2023 Regulation C\n|rated|\n|rule|Species Clause: Limit one of each Pok\u00e9mon\n|rule|Item Clause: Limit one of each item\n|clearpoke\n|poke|p1|Armarouge, L50, F|\n|poke|p1|Great Tusk, L50|\n|poke|p1|Talonflame, L50, F|\n|poke|p1|Indeedee-F, L50, F|\n|poke|p1|Gyarados, L50, M|\n|poke|p1|Flutter Mane, L50|\n|poke|p2|Palafin, L50, F|\n|poke|p2|Arcanine, L50, F|\n|poke|p2|Amoonguss, L50, M|\n|poke|p2|Ting-Lu, L50|\n|poke|p2|Flutter Mane, L50|\n|poke|p2|Baxcalibur, L50, M|\n|teampreview|4\nmegaprawn has agreed to open team sheets.\nZaikoAir has agreed to open team sheets.\n|inactive|Battle timer is ON: inactive players will automatically lose when time's up. (requested by ZaikoAir)\n|inactive|megaprawn has 60 seconds left.\n|inactive|ZaikoAir has 60 seconds left.\n|inactive|ZaikoAir has 30 seconds left.\n|\n|t:|1682375342\n|start\n|switch|p1a: Great Tusk|Great Tusk, L50|100\/100\n|switch|p1b: Talonflame|Talonflame, L50, F|100\/100\n|switch|p2a: Zilla|Baxcalibur, L50, M|100\/100\n|switch|p2b: El final|Ting-Lu, L50|100\/100\n|-ability|p2b: El final|Vessel of Ruin\n|turn|1\n|inactive|ZaikoAir has 30 seconds left.\n|inactive|ZaikoAir has 20 seconds left.\n|\n|t:|1682375380\n|-terastallize|p2b: El final|Water\n|move|p2a: Zilla|Protect|p2a: Zilla\n|-singleturn|p2a: Zilla|Protect\n|move|p1a: Great Tusk|Close Combat|p2a: Zilla\n|-activate|p2a: Zilla|move: Protect\n|move|p1b: Talonflame|Will-O-Wisp|p2b: El final\n|-status|p2b: El final|brn\n|move|p2b: El final|Ruination|p1a: Great Tusk\n|-damage|p1a: Great Tusk|51\/100\n|\n|-damage|p2b: El final|95\/100 brn|[from] brn\n|upkeep\n|turn|2\n|inactive|megaprawn has 30 seconds left.\n|inactive|megaprawn has 20 seconds left.\n|inactive|megaprawn has 15 seconds left.\n|\n|t:|1682375423\n|switch|p1b: Armarouge|Armarouge, L50, F|100\/100\n|switch|p2a: Rk9|Arcanine, L50, F|100\/100\n|-ability|p2a: Rk9|Intimidate|boost\n|-unboost|p1a: Great Tusk|atk|1\n|-unboost|p1b: Armarouge|atk|1\n|move|p1a: Great Tusk|Close Combat|p2a: Rk9\n|-damage|p2a: Rk9|49\/100\n|-unboost|p1a: Great Tusk|def|1\n|-unboost|p1a: Great Tusk|spd|1\n|move|p2b: El final|Stone Edge|p1b: Armarouge\n|-supereffective|p1b: Armarouge\n|-damage|p1b: Armarouge|69\/100\n|-ability|p1b: Armarouge|Weak Armor|boost\n|-unboost|p1b: Armarouge|def|1\n|-boost|p1b: Armarouge|spe|2\n|-enditem|p1b: Armarouge|Weakness Policy\n|-boost|p1b: Armarouge|atk|2|[from] item: Weakness Policy\n|-boost|p1b: Armarouge|spa|2|[from] item: Weakness Policy\n|\n|-damage|p2b: El final|89\/100 brn|[from] brn\n|upkeep\n|turn|3\n|inactive|ZaikoAir has 30 seconds left.\n|\n|t:|1682375452\n|-end|p1a: Great Tusk|Protosynthesis|[silent]\n|switch|p1a: Indeedee|Indeedee-F, L50, F|100\/100\n|-fieldstart|move: Psychic Terrain|[from] ability: Psychic Surge|[of] p1a: Indeedee\n|-terastallize|p1b: Armarouge|Psychic\n|move|p2a: Rk9|Protect|p2a: Rk9\n|-singleturn|p2a: Rk9|Protect\n|move|p1b: Armarouge|Expanding Force|p2a: Rk9|[spread] p2b\n|-activate|p2a: Rk9|move: Protect\n|-damage|p2b: El final|13\/100 brn\n|move|p2b: El final|Stone Edge|p1b: Armarouge\n|-damage|p1b: Armarouge|44\/100\n|-ability|p1b: Armarouge|Weak Armor|boost\n|-unboost|p1b: Armarouge|def|1\n|-boost|p1b: Armarouge|spe|2\n|\n|-damage|p2b: El final|7\/100 brn|[from] brn\n|upkeep\n|turn|4\n|-message|ZaikoAir forfeited.\n|\n|win|megaprawn\n|raw|megaprawn's rating: 1387 → 1409<\/strong> (+22 for winning)\n|raw|ZaikoAir's rating: 1428 → 1406<\/strong> (-22 for losing)\n|l|\u2606ZaikoAir\n","uploadtime":1682375468,"views":17,"p1id":"megaprawn","p2id":"zaikoair","formatid":"gen9vgc2023regulationc","rating":1406,"private":0,"password":""}