{"id":"gen9vgc2023regulationc-1848967941","p1":"Kammala","p2":"todomoko","format":"[Gen 9] VGC 2023 Regulation C","log":"|j|\u2606Kammala\n|j|\u2606todomoko\n|t:|1682132397\n|gametype|doubles\n|player|p1|Kammala|102|1359\n|player|p2|todomoko|2|1296\n|teamsize|p1|6\n|teamsize|p2|6\n|gen|9\n|tier|[Gen 9] VGC 2023 Regulation C\n|rated|\n|rule|Species Clause: Limit one of each Pok\u00e9mon\n|rule|Item Clause: Limit one of each item\n|clearpoke\n|poke|p1|Azumarill, L50, F|\n|poke|p1|Amoonguss, L50, F|\n|poke|p1|Tauros-Paldea-Blaze, L50, M|\n|poke|p1|Ting-Lu, L50|\n|poke|p1|Baxcalibur, L50, M|\n|poke|p1|Flutter Mane, L50|\n|poke|p2|Maushold-Four, L50|\n|poke|p2|Ting-Lu, L50|\n|poke|p2|Flutter Mane, L50|\n|poke|p2|Grimmsnarl, L50, M|\n|poke|p2|Kilowattrel, L50, M|\n|poke|p2|Arcanine, L50, F|\n|teampreview|4\n|inactive|Battle timer is ON: inactive players will automatically lose when time's up. (requested by Kammala)\nKammala has agreed to open team sheets.\n|inactive|todomoko has 60 seconds left.\n|\n|t:|1682132433\n|start\n|switch|p1a: Ting-Lu|Ting-Lu, L50|100\/100\n|switch|p1b: Azumarill|Azumarill, L50, F|100\/100\n|switch|p2a: Maushold|Maushold-Four, L50|100\/100\n|switch|p2b: Grimmsnarl|Grimmsnarl, L50, M|100\/100\n|-ability|p1a: Ting-Lu|Vessel of Ruin\n|turn|1\n|inactive|todomoko has 30 seconds left.\n|\n|t:|1682132461\n|-terastallize|p2b: Grimmsnarl|Steel\n|move|p2b: Grimmsnarl|Reflect|p2b: Grimmsnarl\n|-sidestart|p2: todomoko|Reflect\n|move|p2a: Maushold|Population Bomb|p1a: Ting-Lu\n|-damage|p1a: Ting-Lu|93\/100\n|-damage|p1a: Ting-Lu|85\/100\n|-crit|p1a: Ting-Lu\n|-damage|p1a: Ting-Lu|75\/100\n|-damage|p1a: Ting-Lu|68\/100\n|-damage|p1a: Ting-Lu|61\/100\n|-damage|p1a: Ting-Lu|54\/100\n|-damage|p1a: Ting-Lu|47\/100\n|-damage|p1a: Ting-Lu|39\/100\n|-damage|p1a: Ting-Lu|32\/100\n|-damage|p1a: Ting-Lu|25\/100\n|-hitcount|p1a: Ting-Lu|10\n|move|p1b: Azumarill|Superpower|p2a: Maushold\n|-supereffective|p2a: Maushold\n|-damage|p2a: Maushold|0 fnt\n|-unboost|p1b: Azumarill|atk|1\n|-unboost|p1b: Azumarill|def|1\n|faint|p2a: Maushold\n|move|p1a: Ting-Lu|Stealth Rock|p2b: Grimmsnarl\n|-sidestart|p2: todomoko|move: Stealth Rock\n|\n|-heal|p1a: Ting-Lu|31\/100|[from] item: Leftovers\n|upkeep\n|\n|t:|1682132486\n|switch|p2a: Arcanine|Arcanine, L50, F|100\/100\n|-damage|p2a: Arcanine|76\/100|[from] Stealth Rock\n|-ability|p2a: Arcanine|Intimidate|boost\n|-unboost|p1a: Ting-Lu|atk|1\n|-unboost|p1b: Azumarill|atk|1\n|turn|2\n|inactive|todomoko has 30 seconds left.\n|inactive|todomoko has 20 seconds left.\n|inactive|todomoko has 15 seconds left.\n|inactive|todomoko has 10 seconds left.\n|\n|t:|1682132533\n|switch|p1b: Tauros|Tauros-Paldea-Blaze, L50, M|100\/100\n|-ability|p1b: Tauros|Intimidate|boost\n|-unboost|p2a: Arcanine|atk|1\n|-unboost|p2b: Grimmsnarl|atk|1\n|move|p1a: Ting-Lu|Protect|p1a: Ting-Lu\n|-singleturn|p1a: Ting-Lu|Protect\n|move|p2b: Grimmsnarl|Sucker Punch||[still]\n|-fail|p2b: Grimmsnarl\n|move|p2a: Arcanine|Flare Blitz|p1a: Ting-Lu\n|-activate|p1a: Ting-Lu|move: Protect\n|\n|-heal|p1a: Ting-Lu|37\/100|[from] item: Leftovers\n|upkeep\n|turn|3\n|\n|t:|1682132556\n|switch|p1a: Azumarill|Azumarill, L50, F|100\/100\n|move|p2b: Grimmsnarl|Trick|p1b: Tauros\n|-activate|p2b: Grimmsnarl|move: Trick|[of] p1b: Tauros\n|-item|p1b: Tauros|Ring Target|[from] move: Trick\n|-item|p2b: Grimmsnarl|Safety Goggles|[from] move: Trick\n|move|p2a: Arcanine|Howl|p2a: Arcanine|[spread] p2a,p2b\n|-boost|p2a: Arcanine|atk|1\n|-boost|p2b: Grimmsnarl|atk|1\n|move|p1b: Tauros|Will-O-Wisp|p2b: Grimmsnarl\n|-status|p2b: Grimmsnarl|brn\n|\n|-damage|p2b: Grimmsnarl|94\/100 brn|[from] brn\n|upkeep\n|turn|4\n|inactive|Kammala has 30 seconds left.\n|inactive|todomoko has 30 seconds left.\n|-message|todomoko forfeited.\n|\n|win|Kammala\n|raw|Kammala's rating: 1359 → 1375<\/strong> (+16 for winning)\n|raw|todomoko's rating: 1296 → 1275<\/strong> (-21 for losing)\n|l|\u2606todomoko\n","uploadtime":1682132590,"views":30,"p1id":"kammala","p2id":"todomoko","formatid":"gen9vgc2023regulationc","rating":1275,"private":0,"password":""}