{"id":"gen9vgc2023regulationc-1846389505","p1":"Adsheesh","p2":"Hadrian1917","format":"[Gen 9] VGC 2023 Regulation C","log":"|j|\u2606Adsheesh\n|j|\u2606Hadrian1917\n|t:|1681836981\n|gametype|doubles\n|player|p1|Adsheesh|ingo|1340\n|player|p2|Hadrian1917|brock|1369\n|teamsize|p1|6\n|teamsize|p2|6\n|gen|9\n|tier|[Gen 9] VGC 2023 Regulation C\n|rated|\n|rule|Species Clause: Limit one of each Pok\u00e9mon\n|rule|Item Clause: Limit one of each item\n|clearpoke\n|poke|p1|Annihilape, L50, M|\n|poke|p1|Maushold-Four, L50|\n|poke|p1|Kingambit, L50, F|\n|poke|p1|Chien-Pao, L50|\n|poke|p1|Dragonite, L50, F|\n|poke|p1|Gholdengo, L50|\n|poke|p2|Flutter Mane, L50|\n|poke|p2|Arcanine, L50, M|\n|poke|p2|Baxcalibur, L50, M|\n|poke|p2|Ting-Lu, L50|\n|poke|p2|Gyarados, L50, M|\n|poke|p2|Amoonguss, L50, F|\n|teampreview|4\n|inactive|Battle timer is ON: inactive players will automatically lose when time's up. (requested by Hadrian1917)\n|inactive|Hadrian1917 has 60 seconds left.\n|\n|t:|1681837059\n|start\n|switch|p1a: Annihilape|Annihilape, L50, M|100\/100\n|switch|p1b: Maushold|Maushold-Four, L50|100\/100\n|switch|p2a: Ting-Lu|Ting-Lu, L50|100\/100\n|switch|p2b: Baxcalibur|Baxcalibur, L50, M|100\/100\n|-ability|p2a: Ting-Lu|Vessel of Ruin\n|turn|1\n|inactive|Adsheesh has 30 seconds left.\n|inactive|Hadrian1917 has 30 seconds left.\n|inactive|Adsheesh has 20 seconds left.\n|inactive|Adsheesh has 15 seconds left.\n|\n|t:|1681837103\n|-terastallize|p2b: Baxcalibur|Poison\n|move|p1b: Maushold|Beat Up|p1a: Annihilape\n|-damage|p1a: Annihilape|99\/100\n|-damage|p1a: Annihilape|97\/100\n|-damage|p1a: Annihilape|94\/100\n|-damage|p1a: Annihilape|92\/100\n|-hitcount|p1a: Annihilape|4\n|move|p2b: Baxcalibur|Glaive Rush|p1a: Annihilape\n|-damage|p1a: Annihilape|48\/100\n|-singlemove|p2b: Baxcalibur|Glaive Rush|[silent]\n|-enditem|p1a: Annihilape|Sitrus Berry|[eat]\n|-heal|p1a: Annihilape|73\/100|[from] item: Sitrus Berry\n|move|p1a: Annihilape|Rage Fist|p2b: Baxcalibur\n|-damage|p2b: Baxcalibur|0 fnt\n|faint|p2b: Baxcalibur\n|move|p2a: Ting-Lu|Fissure|p1a: Annihilape|[miss]\n|-miss|p2a: Ting-Lu|p1a: Annihilape\n|\n|upkeep\n|\n|t:|1681837122\n|switch|p2b: Flutter Mane|Flutter Mane, L50|100\/100\n|turn|2\n|-message|Hadrian1917 forfeited.\n|\n|win|Adsheesh\n|raw|Adsheesh's rating: 1340 → 1362<\/strong> (+22 for winning)\n|raw|Hadrian1917's rating: 1369 → 1347<\/strong> (-22 for losing)\n|l|\u2606Hadrian1917\n|j|\u2606Hadrian1917\n|player|p2|Hadrian1917|brock\n","uploadtime":1681837143,"views":10,"p1id":"adsheesh","p2id":"hadrian1917","formatid":"gen9vgc2023regulationc","rating":1347,"private":0,"password":""}