{"id":"gen9vgc2023regulationc-1849298506","p1":"CaptJorgito","p2":"VGC Bug Catcher","format":"[Gen 9] VGC 2023 Regulation C","log":"|j|\u2606CaptJorgito\n|j|\u2606VGC Bug Catcher\n|t:|1682183158\n|gametype|doubles\n|player|p1|CaptJorgito|hiker|1098\n|player|p2|VGC Bug Catcher|bugcatcher-gen4dp|1000\n|teamsize|p1|6\n|teamsize|p2|6\n|gen|9\n|tier|[Gen 9] VGC 2023 Regulation C\n|rated|\n|rule|Species Clause: Limit one of each Pok\u00e9mon\n|rule|Item Clause: Limit one of each item\n|clearpoke\n|poke|p1|Amoonguss, L50, F|\n|poke|p1|Arcanine, L50, F|\n|poke|p1|Dragonite, L50, M|\n|poke|p1|Chi-Yu, L50|\n|poke|p1|Dachsbun, L50, F|\n|poke|p1|Flutter Mane, L50|\n|poke|p2|Vivillon-Fancy, L50, F|\n|poke|p2|Volcarona, L50, M|\n|poke|p2|Slither Wing, L50|\n|poke|p2|Masquerain, L50, M|\n|poke|p2|Scizor, L50, F|\n|poke|p2|Lokix, L50, F|\n|teampreview|4\n|inactive|Battle timer is ON: inactive players will automatically lose when time's up. (requested by CaptJorgito)\n|\n|t:|1682183177\n|start\n|switch|p1a: Arcanine|Arcanine, L50, F|100\/100\n|switch|p1b: Flutter Mane|Flutter Mane, L50|100\/100\n|switch|p2a: Iris|Volcarona, L50, M, shiny|100\/100\n|switch|p2b: Oasis|Masquerain, L50, M, shiny|100\/100\n|-ability|p2b: Oasis|Intimidate|boost\n|-unboost|p1a: Arcanine|atk|1\n|-unboost|p1b: Flutter Mane|atk|1\n|-ability|p1a: Arcanine|Intimidate|boost\n|-unboost|p2a: Iris|atk|1\n|-unboost|p2b: Oasis|atk|1\n|-enditem|p1b: Flutter Mane|Booster Energy\n|-activate|p1b: Flutter Mane|ability: Protosynthesis|[fromitem]\n|-start|p1b: Flutter Mane|protosynthesisspe\n|turn|1\n|inactive|CaptJorgito has 30 seconds left.\n|inactive|VGC Bug Catcher has 30 seconds left.\n|\n|t:|1682183209\n|move|p2a: Iris|Protect|p2a: Iris\n|-singleturn|p2a: Iris|Protect\n|move|p1b: Flutter Mane|Shadow Ball|p2a: Iris\n|-activate|p2a: Iris|move: Protect\n|move|p2b: Oasis|Tailwind|p2b: Oasis\n|-sidestart|p2: VGC Bug Catcher|move: Tailwind\n|move|p1a: Arcanine|Flare Blitz|p2b: Oasis\n|-supereffective|p2b: Oasis\n|-enditem|p2b: Oasis|Occa Berry|[eat]\n|-enditem|p2b: Oasis|Occa Berry|[weaken]\n|-damage|p2b: Oasis|40\/100\n|-status|p2b: Oasis|brn\n|-damage|p1a: Arcanine|86\/100|[from] Recoil\n|\n|-damage|p2b: Oasis|34\/100 brn|[from] brn\n|upkeep\n|turn|2\n|\n|t:|1682183229\n|move|p1b: Flutter Mane|Protect|p1b: Flutter Mane\n|-singleturn|p1b: Flutter Mane|Protect\n|move|p1a: Arcanine|Extreme Speed|p2b: Oasis\n|-damage|p2b: Oasis|3\/100 brn\n|move|p2b: Oasis|Aqua Jet|p2a: Iris\n|-supereffective|p2a: Iris\n|-damage|p2a: Iris|94\/100\n|-enditem|p2a: Iris|Weakness Policy\n|-boost|p2a: Iris|atk|2|[from] item: Weakness Policy\n|-boost|p2a: Iris|spa|2|[from] item: Weakness Policy\n|move|p2a: Iris|Quiver Dance|p2a: Iris\n|-boost|p2a: Iris|spa|1\n|-boost|p2a: Iris|spd|1\n|-boost|p2a: Iris|spe|1\n|\n|-damage|p2b: Oasis|0 fnt|[from] brn\n|faint|p2b: Oasis\n|upkeep\n|\n|t:|1682183252\n|switch|p2b: Slither Wing|Slither Wing, L50|100\/100\n|-enditem|p2b: Slither Wing|Booster Energy\n|-activate|p2b: Slither Wing|ability: Protosynthesis|[fromitem]\n|-start|p2b: Slither Wing|protosynthesisatk\n|turn|3\n|inactive|VGC Bug Catcher has 30 seconds left.\n|\n|t:|1682183287\n|move|p2a: Iris|Heat Wave|p1a: Arcanine|[spread] p1a,p1b\n|-resisted|p1a: Arcanine\n|-damage|p1a: Arcanine|31\/100\n|-damage|p1b: Flutter Mane|0 fnt\n|faint|p1b: Flutter Mane\n|-end|p1b: Flutter Mane|Protosynthesis|[silent]\n|move|p2b: Slither Wing|Dual Wingbeat|p1a: Arcanine\n|-damage|p1a: Arcanine|10\/100\n|-damage|p1a: Arcanine|0 fnt\n|faint|p1a: Arcanine\n|-hitcount|p1: Arcanine|2\n|\n|upkeep\n|\n|t:|1682183299\n|switch|p1b: Chi-Yu|Chi-Yu, L50|100\/100\n|switch|p1a: Dachsbun|Dachsbun, L50, F|100\/100\n|-ability|p1b: Chi-Yu|Beads of Ruin\n|turn|4\n|\n|t:|1682183319\n|-terastallize|p2a: Iris|Grass\n|move|p2a: Iris|Giga Drain|p1a: Dachsbun\n|-damage|p1a: Dachsbun|0 fnt\n|-heal|p2a: Iris|100\/100|[from] drain|[of] p1a: Dachsbun\n|faint|p1a: Dachsbun\n|move|p2b: Slither Wing|Close Combat|p1b: Chi-Yu\n|-supereffective|p1b: Chi-Yu\n|-damage|p1b: Chi-Yu|0 fnt\n|-unboost|p2b: Slither Wing|def|1\n|-unboost|p2b: Slither Wing|spd|1\n|faint|p1b: Chi-Yu\n|\n|win|VGC Bug Catcher\n|raw|CaptJorgito's rating: 1098 → 1067<\/strong> (-31 for losing)\n|raw|VGC Bug Catcher's rating: 1000 → 1051<\/strong> (+51 for winning)\n|c|\u2606VGC Bug Catcher|Gg\n|l|\u2606CaptJorgito\n","uploadtime":1682183345,"views":7,"p1id":"captjorgito","p2id":"vgcbugcatcher","formatid":"gen9vgc2023regulationc","rating":1051,"private":0,"password":""}