{"id":"gen9vgc2023regulationc-1858265954","p1":"higuainlota99","p2":"AmexExpress","format":"[Gen 9] VGC 2023 Regulation C","log":"|j|\u2606higuainlota99\n|j|\u2606AmexExpress\n|t:|1683296767\n|gametype|doubles\n|player|p1|higuainlota99|265|1159\n|player|p2|AmexExpress|266|1175\n|teamsize|p1|6\n|teamsize|p2|6\n|gen|9\n|tier|[Gen 9] VGC 2023 Regulation C\n|rated|\n|rule|Species Clause: Limit one of each Pok\u00e9mon\n|rule|Item Clause: Limit one of each item\n|clearpoke\n|poke|p1|Amoonguss, L50, F|\n|poke|p1|Rotom-Wash, L50|\n|poke|p1|Gholdengo, L50|\n|poke|p1|Chi-Yu, L50|\n|poke|p1|Palafin, L50, F|\n|poke|p1|Salamence, L50, F|\n|poke|p2|Dragonite, L50, F|\n|poke|p2|Flutter Mane, L50|\n|poke|p2|Pelipper, L50, M|\n|poke|p2|Chien-Pao, L50|\n|poke|p2|Chi-Yu, L50|\n|poke|p2|Drednaw, L50, M|\n|teampreview|4\n|inactive|Battle timer is ON: inactive players will automatically lose when time's up. (requested by higuainlota99)\n|inactive|higuainlota99 has 60 seconds left.\n|inactive|AmexExpress has 60 seconds left.\nhiguainlota99 has agreed to open team sheets.\n|\n|t:|1683296825\n|start\n|switch|p1a: Rotom|Rotom-Wash, L50|100\/100\n|switch|p1b: Palafin|Palafin, L50, F|100\/100\n|switch|p2a: Dragonite|Dragonite, L50, F|100\/100\n|switch|p2b: Chien-Pao|Chien-Pao, L50|100\/100\n|-ability|p2b: Chien-Pao|Sword of Ruin\n|turn|1\n|\n|t:|1683296849\n|detailschange|p1b: Palafin|Palafin-Hero, L50, F\n|switch|p1b: Salamence|Salamence, L50, F, shiny|100\/100\n|-ability|p1b: Salamence|Intimidate|boost\n|-fail|p2a: Dragonite|unboost|Attack|[from] ability: Inner Focus|[of] p2a: Dragonite\n|-unboost|p2b: Chien-Pao|atk|1\n|-terastallize|p2a: Dragonite|Normal\n|move|p2a: Dragonite|Extreme Speed|p1a: Rotom\n|-damage|p1a: Rotom|0 fnt\n|faint|p1a: Rotom\n|move|p2b: Chien-Pao|Ice Spinner|p1b: Salamence\n|-supereffective|p1b: Salamence\n|-damage|p1b: Salamence|0 fnt\n|faint|p1b: Salamence\n|\n|upkeep\n|-message|higuainlota99 forfeited.\n|\n|win|AmexExpress\n|raw|higuainlota99's rating: 1159 → 1135<\/strong> (-24 for losing)\n|raw|AmexExpress's rating: 1175 → 1199<\/strong> (+24 for winning)\n|l|\u2606higuainlota99\n","uploadtime":1683296887,"views":11,"p1id":"higuainlota99","p2id":"amexexpress","formatid":"gen9vgc2023regulationc","rating":1135,"private":0,"password":""}