{"id":"gen9vgc2023regulationc-1858128474","p1":"dadarvin","p2":"FiloX36","format":"[Gen 9] VGC 2023 Regulation C","log":"|j|\u2606dadarvin\n|j|\u2606FiloX36\n|t:|1683280264\n|gametype|doubles\n|player|p1|dadarvin|rosa|1416\n|player|p2|FiloX36|1|1337\n|teamsize|p1|6\n|teamsize|p2|6\n|gen|9\n|tier|[Gen 9] VGC 2023 Regulation C\n|rated|\n|rule|Species Clause: Limit one of each Pok\u00e9mon\n|rule|Item Clause: Limit one of each item\n|clearpoke\n|poke|p1|Torkoal, L50, M|\n|poke|p1|Armarouge, L50, M|\n|poke|p1|Gothitelle, L50, F|\n|poke|p1|Indeedee, L50, M|\n|poke|p1|Gallade, L50, M|\n|poke|p1|Flutter Mane, L50|\n|poke|p2|Chi-Yu, L50|\n|poke|p2|Flutter Mane, L50|\n|poke|p2|Iron Bundle, L50|\n|poke|p2|Iron Hands, L50|\n|poke|p2|Maushold, L50|\n|poke|p2|Corviknight, L50, M|\n|teampreview|4\n|inactive|Battle timer is ON: inactive players will automatically lose when time's up. (requested by dadarvin)\n|\n|t:|1683280297\n|start\n|switch|p1a: Indeedee|Indeedee, L50, M|100\/100\n|switch|p1b: Gallade|Gallade, L50, M|100\/100\n|switch|p2a: Maushold|Maushold, L50, shiny|100\/100\n|switch|p2b: Corviknight|Corviknight, L50, M, shiny|100\/100\n|-fieldstart|move: Psychic Terrain|[from] ability: Psychic Surge|[of] p1a: Indeedee\n|turn|1\n|\n|t:|1683280317\n|-terastallize|p2a: Maushold|Ghost\n|-terastallize|p1b: Gallade|Fire\n|move|p1a: Indeedee|Psychic|p2a: Maushold\n|-damage|p2a: Maushold|20\/100\n|move|p2a: Maushold|Population Bomb|p1a: Indeedee\n|-damage|p1a: Indeedee|78\/100\n|-damage|p1a: Indeedee|53\/100\n|-damage|p1a: Indeedee|28\/100\n|-damage|p1a: Indeedee|1\/100\n|-damage|p1a: Indeedee|0 fnt\n|faint|p1a: Indeedee\n|-hitcount|p1: Indeedee|5\n|move|p2b: Corviknight|Taunt|p1b: Gallade\n|-start|p1b: Gallade|move: Taunt\n|move|p1b: Gallade|Sacred Sword|p2b: Corviknight\n|-damage|p2b: Corviknight|43\/100\n|\n|upkeep\n|\n|t:|1683280334\n|switch|p1a: Torkoal|Torkoal, L50, M|100\/100\n|-weather|SunnyDay|[from] ability: Drought|[of] p1a: Torkoal\n|turn|2\n|inactive|FiloX36 has 30 seconds left.\n|\n|t:|1683280363\n|move|p2a: Maushold|Protect|p2a: Maushold\n|-singleturn|p2a: Maushold|Protect\n|move|p2b: Corviknight|Tailwind|p2b: Corviknight\n|-sidestart|p2: FiloX36|move: Tailwind\n|move|p1b: Gallade|Psycho Cut|p2a: Maushold\n|-activate|p2a: Maushold|move: Protect\n|move|p1a: Torkoal|Eruption|p2b: Corviknight|[spread] p2b\n|-activate|p2a: Maushold|move: Protect\n|-supereffective|p2b: Corviknight\n|-damage|p2b: Corviknight|0 fnt\n|faint|p2b: Corviknight\n|\n|-weather|SunnyDay|[upkeep]\n|upkeep\n|\n|t:|1683280376\n|switch|p2b: Iron Hands|Iron Hands, L50, shiny|100\/100\n|turn|3\n|\n|t:|1683280400\n|move|p2a: Maushold|Population Bomb|p1b: Gallade\n|-damage|p1b: Gallade|85\/100\n|-damage|p1b: Gallade|68\/100\n|-damage|p1b: Gallade|52\/100\n|-damage|p1b: Gallade|35\/100\n|-enditem|p1b: Gallade|Sitrus Berry|[eat]\n|-heal|p1b: Gallade|60\/100|[from] item: Sitrus Berry\n|-damage|p1b: Gallade|43\/100\n|-damage|p1b: Gallade|29\/100\n|-damage|p1b: Gallade|13\/100\n|-damage|p1b: Gallade|0 fnt\n|faint|p1b: Gallade\n|-hitcount|p1: Gallade|8\n|move|p2b: Iron Hands|Wild Charge|p1a: Torkoal\n|-damage|p1a: Torkoal|61\/100\n|-damage|p2b: Iron Hands|93\/100|[from] Recoil\n|move|p1a: Torkoal|Eruption|p2b: Iron Hands|[spread] p2a,p2b\n|-damage|p2a: Maushold|0 fnt\n|-damage|p2b: Iron Hands|67\/100\n|faint|p2a: Maushold\n|\n|-weather|SunnyDay|[upkeep]\n|upkeep\n|\n|t:|1683280420\n|switch|p2a: Iron Bundle|Iron Bundle, L50, shiny|100\/100\n|switch|p1b: Armarouge|Armarouge, L50, M|100\/100\n|-enditem|p2a: Iron Bundle|Booster Energy\n|-activate|p2a: Iron Bundle|ability: Quark Drive|[fromitem]\n|-start|p2a: Iron Bundle|quarkdrivespe\n|turn|4\n|\n|t:|1683280433\n|move|p2a: Iron Bundle|Hydro Pump|p1b: Armarouge\n|-supereffective|p1b: Armarouge\n|-damage|p1b: Armarouge|62\/100\n|-enditem|p1b: Armarouge|Weakness Policy\n|-boost|p1b: Armarouge|atk|2|[from] item: Weakness Policy\n|-boost|p1b: Armarouge|spa|2|[from] item: Weakness Policy\n|move|p2b: Iron Hands|Wild Charge|p1b: Armarouge\n|-damage|p1b: Armarouge|18\/100\n|-damage|p2b: Iron Hands|58\/100|[from] Recoil\n|move|p1b: Armarouge|Expanding Force|p2a: Iron Bundle|[spread] p2a,p2b\n|-supereffective|p2b: Iron Hands\n|-damage|p2a: Iron Bundle|0 fnt\n|-damage|p2b: Iron Hands|0 fnt\n|faint|p2a: Iron Bundle\n|-end|p2a: Iron Bundle|Quark Drive|[silent]\n|faint|p2b: Iron Hands\n|-end|p2b: Iron Hands|Quark Drive|[silent]\n|\n|win|dadarvin\n|raw|dadarvin's rating: 1416 → 1432<\/strong> (+16 for winning)\n|raw|FiloX36's rating: 1337 → 1321<\/strong> (-16 for losing)\n|l|\u2606FiloX36\n","uploadtime":1683280455,"views":11,"p1id":"dadarvin","p2id":"filox36","formatid":"gen9vgc2023regulationc","rating":1321,"private":0,"password":""}