{"id":"gen9vgc2023regulationc-1852790186","p1":"PitTen","p2":"JeloOrange","format":"[Gen 9] VGC 2023 Regulation C","log":"|j|\u2606PitTen\n|j|\u2606JeloOrange\n|t:|1682606527\n|gametype|doubles\n|player|p1|PitTen|ingo|1054\n|player|p2|JeloOrange|rancher|1040\n|teamsize|p1|6\n|teamsize|p2|6\n|gen|9\n|tier|[Gen 9] VGC 2023 Regulation C\n|rated|\n|rule|Species Clause: Limit one of each Pok\u00e9mon\n|rule|Item Clause: Limit one of each item\n|clearpoke\n|poke|p1|Flutter Mane, L50|\n|poke|p1|Arcanine, L50, F|\n|poke|p1|Slither Wing, L50|\n|poke|p1|Abomasnow, L50, M|\n|poke|p1|Iron Bundle, L50|\n|poke|p1|Sandy Shocks, L50|\n|poke|p2|Tauros-Paldea-Blaze, L50, M|\n|poke|p2|Kingambit, L50, M|\n|poke|p2|Gardevoir, L50, M|\n|poke|p2|Grimmsnarl, L50, M|\n|poke|p2|Greedent, L50, M|\n|poke|p2|Azumarill, L50, F|\n|teampreview|4\n|\n|t:|1682606559\n|start\n|switch|p1a: Flutter Mane|Flutter Mane, L50|100\/100\n|switch|p1b: Iron Bundle|Iron Bundle, L50|100\/100\n|switch|p2a: Gardevoir|Gardevoir, L50, M|100\/100\n|switch|p2b: Greedent|Greedent, L50, M|100\/100\n|-enditem|p1a: Flutter Mane|Booster Energy\n|-activate|p1a: Flutter Mane|ability: Protosynthesis|[fromitem]\n|-start|p1a: Flutter Mane|protosynthesisspa\n|turn|1\n|inactive|Battle timer is ON: inactive players will automatically lose when time's up. (requested by JeloOrange)\n|\n|t:|1682606579\n|-terastallize|p1a: Flutter Mane|Water\n|move|p1b: Iron Bundle|Freeze-Dry|p2a: Gardevoir\n|-damage|p2a: Gardevoir|68\/100\n|move|p1a: Flutter Mane|Dazzling Gleam|p2b: Greedent|[spread] p2a,p2b\n|-crit|p2a: Gardevoir\n|-damage|p2a: Gardevoir|7\/100\n|-damage|p2b: Greedent|71\/100\n|move|p2b: Greedent|Belly Drum|p2b: Greedent\n|-damage|p2b: Greedent|21\/100\n|-setboost|p2b: Greedent|atk|6|[from] move: Belly Drum\n|-enditem|p2b: Greedent|Sitrus Berry|[eat]\n|-heal|p2b: Greedent|46\/100|[from] item: Sitrus Berry\n|-heal|p2b: Greedent|79\/100|[from] ability: Cheek Pouch\n|move|p2a: Gardevoir|Trick Room|p2a: Gardevoir\n|-fieldstart|move: Trick Room|[of] p2a: Gardevoir\n|\n|upkeep\n|turn|2\n|inactive|PitTen has 30 seconds left.\n|inactive|JeloOrange has 30 seconds left.\n|inactive|JeloOrange has 20 seconds left.\n|\n|t:|1682606615\n|-end|p1b: Iron Bundle|Quark Drive|[silent]\n|switch|p1b: Arcanine|Arcanine, L50, F|100\/100\n|-ability|p1b: Arcanine|Intimidate|boost\n|-unboost|p2a: Gardevoir|atk|1\n|-unboost|p2b: Greedent|atk|1\n|move|p1a: Flutter Mane|Protect|p1a: Flutter Mane\n|-singleturn|p1a: Flutter Mane|Protect\n|move|p2b: Greedent|Body Slam|p1a: Flutter Mane\n|-activate|p1a: Flutter Mane|move: Protect\n|move|p2a: Gardevoir|Dazzling Gleam|p1b: Arcanine|[spread] p1b\n|-activate|p1a: Flutter Mane|move: Protect\n|-resisted|p1b: Arcanine\n|-damage|p1b: Arcanine|82\/100\n|\n|upkeep\n|turn|3\n|\n|t:|1682606634\n|move|p2b: Greedent|Earthquake|p1b: Arcanine|[spread] p1a,p1b\n|-activate|p2a: Gardevoir|ability: Telepathy\n|-supereffective|p1b: Arcanine\n|-damage|p1a: Flutter Mane|0 fnt\n|-damage|p1b: Arcanine|0 fnt\n|faint|p1a: Flutter Mane\n|-end|p1a: Flutter Mane|Protosynthesis|[silent]\n|faint|p1b: Arcanine\n|move|p2a: Gardevoir|Dazzling Gleam|p1: Flutter Mane|[notarget]\n|-fail|p2a: Gardevoir\n|\n|upkeep\n|\n|t:|1682606642\n|switch|p1b: Sandy Shocks|Sandy Shocks, L50|100\/100\n|switch|p1a: Iron Bundle|Iron Bundle, L50|100\/100\n|turn|4\n|\n|t:|1682606660\n|move|p2b: Greedent|Earthquake|p1a: Iron Bundle|[spread] p1a,p1b\n|-activate|p2a: Gardevoir|ability: Telepathy\n|-supereffective|p1b: Sandy Shocks\n|-damage|p1a: Iron Bundle|36\/100\n|-damage|p1b: Sandy Shocks|0 fnt\n|faint|p1b: Sandy Shocks\n|-end|p1b: Sandy Shocks|Protosynthesis|[silent]\n|move|p2a: Gardevoir|Dazzling Gleam|p1a: Iron Bundle\n|-damage|p1a: Iron Bundle|0 fnt\n|faint|p1a: Iron Bundle\n|-end|p1a: Iron Bundle|Quark Drive|[silent]\n|\n|win|JeloOrange\n|raw|PitTen's rating: 1054 → 1035<\/strong> (-19 for losing)\n|raw|JeloOrange's rating: 1040 → 1075<\/strong> (+35 for winning)\n|l|\u2606PitTen\n","uploadtime":1682606674,"views":7,"p1id":"pitten","p2id":"jeloorange","formatid":"gen9vgc2023regulationc","rating":1035,"private":0,"password":""}