{"id":"gen9vgc2023regulationc-1850710654","p1":"shuijunjun","p2":"golumitar72","format":"[Gen 9] VGC 2023 Regulation C","log":"|j|\u2606shuijunjun\n|j|\u2606golumitar72\n|t:|1682361078\n|gametype|doubles\n|player|p1|shuijunjun|iono|1167\n|player|p2|golumitar72|linebacker|1197\n|teamsize|p1|6\n|teamsize|p2|6\n|gen|9\n|tier|[Gen 9] VGC 2023 Regulation C\n|rated|\n|rule|Species Clause: Limit one of each Pok\u00e9mon\n|rule|Item Clause: Limit one of each item\n|clearpoke\n|poke|p1|Armarouge, L50, F|\n|poke|p1|Maushold-Four, L50|\n|poke|p1|Flutter Mane, L50|\n|poke|p1|Iron Bundle, L50|\n|poke|p1|Chien-Pao, L50|\n|poke|p1|Dragonite, L50, F|\n|poke|p2|Toxicroak, L50, M|\n|poke|p2|Roaring Moon, L50|\n|poke|p2|Tyranitar, L50, M|\n|poke|p2|Talonflame, L50, M|\n|poke|p2|Scovillain, L50, M|\n|poke|p2|Garganacl, L50, M|\n|teampreview|4\n|inactive|Battle timer is ON: inactive players will automatically lose when time's up. (requested by golumitar72)\n|\n|t:|1682361108\n|start\n|switch|p1a: Dragonite|Dragonite, L50, F|100\/100\n|switch|p1b: Chien-Pao|Chien-Pao, L50|100\/100\n|switch|p2a: Scovillain|Scovillain, L50, M, shiny|100\/100\n|switch|p2b: Toxicroak|Toxicroak, L50, M, shiny|100\/100\n|-ability|p1b: Chien-Pao|Sword of Ruin\n|turn|1\n|inactive|golumitar72 has 30 seconds left.\n|inactive|golumitar72 has 20 seconds left.\n|inactive|golumitar72 has 15 seconds left.\n|inactive|golumitar72 has 10 seconds left.\n|inactive|golumitar72 has 5 seconds left.\n|\n|t:|1682361162\n|move|p1b: Chien-Pao|Protect|p1b: Chien-Pao\n|-singleturn|p1b: Chien-Pao|Protect\n|move|p2b: Toxicroak|Close Combat|p1b: Chien-Pao\n|-activate|p1b: Chien-Pao|move: Protect\n|move|p1a: Dragonite|Aerial Ace|p2b: Toxicroak\n|-supereffective|p2b: Toxicroak\n|-crit|p2b: Toxicroak\n|-damage|p2b: Toxicroak|0 fnt\n|faint|p2b: Toxicroak\n|-damage|p1a: Dragonite|91\/100|[from] item: Life Orb\n|move|p2a: Scovillain|Leech Seed|p1a: Dragonite\n|-start|p1a: Dragonite|move: Leech Seed\n|\n|-damage|p1a: Dragonite|79\/100|[from] Leech Seed|[of] p2a: Scovillain\n|-ability|p2a: Scovillain|Moody|boost\n|-boost|p2a: Scovillain|spe|2\n|-unboost|p2a: Scovillain|spd|1\n|upkeep\n|\n|t:|1682361168\n|switch|p2b: Garganacl|Garganacl, L50, M, shiny|100\/100\n|turn|2\n|\n|t:|1682361192\n|-terastallize|p2a: Scovillain|Ground\n|move|p1b: Chien-Pao|Ice Shard|p2a: Scovillain\n|-supereffective|p2a: Scovillain\n|-damage|p2a: Scovillain|20\/100\n|move|p2a: Scovillain|Stomping Tantrum|p1b: Chien-Pao\n|-damage|p1b: Chien-Pao|60\/100\n|move|p1a: Dragonite|Low Kick|p2b: Garganacl\n|-supereffective|p2b: Garganacl\n|-damage|p2b: Garganacl|0 fnt\n|faint|p2b: Garganacl\n|-damage|p1a: Dragonite|69\/100|[from] item: Life Orb\n|\n|-heal|p2a: Scovillain|26\/100|[from] item: Leftovers\n|-damage|p1a: Dragonite|57\/100|[from] Leech Seed|[of] p2a: Scovillain\n|-heal|p2a: Scovillain|38\/100|[silent]\n|-ability|p2a: Scovillain|Moody|boost\n|-boost|p2a: Scovillain|spe|2\n|-unboost|p2a: Scovillain|spd|1\n|upkeep\n|\n|t:|1682361202\n|switch|p2b: Roaring Moon|Roaring Moon, L50|100\/100\n|-enditem|p2b: Roaring Moon|Booster Energy\n|-activate|p2b: Roaring Moon|ability: Protosynthesis|[fromitem]\n|-start|p2b: Roaring Moon|protosynthesisatk\n|turn|3\n|\n|t:|1682361216\n|-terastallize|p1a: Dragonite|Normal\n|move|p2a: Scovillain|Protect|p2a: Scovillain\n|-singleturn|p2a: Scovillain|Protect\n|move|p1b: Chien-Pao|Protect|p1b: Chien-Pao\n|-singleturn|p1b: Chien-Pao|Protect\n|move|p1a: Dragonite|Extreme Speed|p2b: Roaring Moon\n|-damage|p2b: Roaring Moon|0 fnt\n|faint|p2b: Roaring Moon\n|-end|p2b: Roaring Moon|Protosynthesis|[silent]\n|-damage|p1a: Dragonite|47\/100|[from] item: Life Orb\n|\n|-heal|p2a: Scovillain|44\/100|[from] item: Leftovers\n|-damage|p1a: Dragonite|35\/100|[from] Leech Seed|[of] p2a: Scovillain\n|-heal|p2a: Scovillain|55\/100|[silent]\n|-ability|p2a: Scovillain|Moody|boost\n|-boost|p2a: Scovillain|spd|2\n|-unboost|p2a: Scovillain|atk|1\n|upkeep\n|turn|4\n|-message|golumitar72 forfeited.\n|\n|win|shuijunjun\n|raw|shuijunjun's rating: 1167 → 1194<\/strong> (+27 for winning)\n|raw|golumitar72's rating: 1197 → 1170<\/strong> (-27 for losing)\n|l|\u2606golumitar72\n","uploadtime":1682361234,"views":21,"p1id":"shuijunjun","p2id":"golumitar72","formatid":"gen9vgc2023regulationc","rating":1170,"private":0,"password":""}