{"id":"gen9vgc2023regulationc-1861854946","p1":"iPep","p2":"x3tokiex3","format":"[Gen 9] VGC 2023 Regulation C","log":"|j|\u2606iPep\n|j|\u2606x3tokiex3\n|t:|1683815223\n|gametype|doubles\n|player|p1|iPep|101|1287\n|player|p2|x3tokiex3|elesa|1296\n|teamsize|p1|6\n|teamsize|p2|6\n|gen|9\n|tier|[Gen 9] VGC 2023 Regulation C\n|rated|\n|rule|Species Clause: Limit one of each Pok\u00e9mon\n|rule|Item Clause: Limit one of each item\n|clearpoke\n|poke|p1|Chien-Pao, L50|\n|poke|p1|Arcanine, L50, M|\n|poke|p1|Maushold-Four, L50|\n|poke|p1|Flutter Mane, L50|\n|poke|p1|Murkrow, L50, M|\n|poke|p1|Chi-Yu, L50|\n|poke|p2|Iron Bundle, L50|\n|poke|p2|Ting-Lu, L50|\n|poke|p2|Iron Hands, L50|\n|poke|p2|Tatsugiri, L50, F|\n|poke|p2|Dondozo, L50, M|\n|poke|p2|Abomasnow, L50, F|\n|teampreview|4\niPep rejected open team sheets.\n|\n|t:|1683815246\n|start\n|switch|p1a: Arcanine|Arcanine, L50, M, shiny|100\/100\n|switch|p1b: Maushold|Maushold-Four, L50|100\/100\n|switch|p2a: Iron Hands|Iron Hands, L50|100\/100\n|switch|p2b: Ting-Lu|Ting-Lu, L50|100\/100\n|-ability|p2b: Ting-Lu|Vessel of Ruin\n|turn|1\n|inactive|Battle timer is ON: inactive players will automatically lose when time's up. (requested by x3tokiex3)\n|\n|t:|1683815278\n|-terastallize|p1a: Arcanine|Normal\n|move|p2a: Iron Hands|Fake Out|p1b: Maushold\n|-damage|p1b: Maushold|83\/100\n|cant|p1b: Maushold|flinch\n|move|p1a: Arcanine|Play Rough|p2b: Ting-Lu\n|-supereffective|p2b: Ting-Lu\n|-damage|p2b: Ting-Lu|65\/100\n|move|p2b: Ting-Lu|Stomping Tantrum|p1a: Arcanine\n|-damage|p1a: Arcanine|79\/100\n|\n|upkeep\n|turn|2\n|\n|t:|1683815298\n|move|p1b: Maushold|Beat Up|p1a: Arcanine\n|-damage|p1a: Arcanine|77\/100\n|-ability|p1a: Arcanine|Justified|boost\n|-boost|p1a: Arcanine|atk|1\n|-damage|p1a: Arcanine|75\/100\n|-ability|p1a: Arcanine|Justified|boost\n|-boost|p1a: Arcanine|atk|1\n|-damage|p1a: Arcanine|73\/100\n|-ability|p1a: Arcanine|Justified|boost\n|-boost|p1a: Arcanine|atk|1\n|-damage|p1a: Arcanine|71\/100\n|-ability|p1a: Arcanine|Justified|boost\n|-boost|p1a: Arcanine|atk|1\n|-hitcount|p1a: Arcanine|4\n|move|p1a: Arcanine|Play Rough|p2a: Iron Hands|[miss]\n|-miss|p1a: Arcanine|p2a: Iron Hands\n|move|p2a: Iron Hands|Drain Punch|p1a: Arcanine\n|-supereffective|p1a: Arcanine\n|-damage|p1a: Arcanine|0 fnt\n|faint|p1a: Arcanine\n|move|p2b: Ting-Lu|Ruination|p1b: Maushold\n|-damage|p1b: Maushold|42\/100\n|-enditem|p1b: Maushold|Sitrus Berry|[eat]\n|-heal|p1b: Maushold|67\/100|[from] item: Sitrus Berry\n|\n|upkeep\n|-message|iPep forfeited.\n|\n|win|x3tokiex3\n|raw|iPep's rating: 1287 → 1263<\/strong> (-24 for losing)\n|raw|x3tokiex3's rating: 1296 → 1320<\/strong> (+24 for winning)\n|l|\u2606iPep\n","uploadtime":1683815323,"views":10,"p1id":"ipep","p2id":"x3tokiex3","formatid":"gen9vgc2023regulationc","rating":1263,"private":0,"password":""}