{"id":"gen9vgc2023regulationc-1851366122","p1":"JadeJazmin","p2":"fonzee3000","format":"[Gen 9] VGC 2023 Regulation C","log":"|j|\u2606JadeJazmin\n|j|\u2606fonzee3000\n|t:|1682439315\n|gametype|doubles\n|player|p1|JadeJazmin|roxie|1291\n|player|p2|fonzee3000|steven|1249\n|teamsize|p1|6\n|teamsize|p2|6\n|gen|9\n|tier|[Gen 9] VGC 2023 Regulation C\n|rated|\n|rule|Species Clause: Limit one of each Pok\u00e9mon\n|rule|Item Clause: Limit one of each item\n|clearpoke\n|poke|p1|Baxcalibur, L50, M|\n|poke|p1|Flutter Mane, L50|\n|poke|p1|Ting-Lu, L50|\n|poke|p1|Arcanine, L50, F|\n|poke|p1|Amoonguss, L50, M|\n|poke|p1|Palafin, L50, F|\n|poke|p2|Farigiraf, L50, F|\n|poke|p2|Iron Hands, L50|\n|poke|p2|Garchomp, L50, M|\n|poke|p2|Talonflame, L50, F|\n|poke|p2|Flutter Mane, L50|\n|poke|p2|Amoonguss, L50, F|\n|teampreview|4\n|inactive|Battle timer is ON: inactive players will automatically lose when time's up. (requested by JadeJazmin)\nfonzee3000 has agreed to open team sheets.\n|inactive|JadeJazmin has 60 seconds left.\n|\n|t:|1682439353\n|start\n|switch|p1a: Arcanine|Arcanine, L50, F|100\/100\n|switch|p1b: Baxcalibur|Baxcalibur, L50, M|100\/100\n|switch|p2a: Farigiraf|Farigiraf, L50, F|100\/100\n|switch|p2b: Amoonguss|Amoonguss, L50, F|100\/100\n|-ability|p1a: Arcanine|Intimidate|boost\n|-unboost|p2a: Farigiraf|atk|1\n|-unboost|p2b: Amoonguss|atk|1\n|turn|1\n|inactive|JadeJazmin has 30 seconds left.\n|\n|t:|1682439385\n|-terastallize|p2b: Amoonguss|Water\n|move|p1b: Baxcalibur|Protect|p1b: Baxcalibur\n|-singleturn|p1b: Baxcalibur|Protect\n|move|p1a: Arcanine|Flare Blitz|p2a: Farigiraf\n|-damage|p2a: Farigiraf|60\/100\n|-damage|p1a: Arcanine|85\/100|[from] Recoil\n|move|p2b: Amoonguss|Spore|p1b: Baxcalibur\n|-activate|p1b: Baxcalibur|move: Protect\n|move|p2a: Farigiraf|Trick Room|p2a: Farigiraf\n|-fieldstart|move: Trick Room|[of] p2a: Farigiraf\n|\n|upkeep\n|turn|2\n|\n|t:|1682439408\n|switch|p1b: Amoonguss|Amoonguss, L50, M|100\/100\n|move|p2b: Amoonguss|Spore|p1b: Amoonguss\n|-immune|p1b: Amoonguss\n|move|p2a: Farigiraf|Hyper Voice|p1a: Arcanine|[spread] p1a,p1b\n|-damage|p1a: Arcanine|53\/100\n|-damage|p1b: Amoonguss|73\/100\n|-enditem|p2a: Farigiraf|Throat Spray\n|-boost|p2a: Farigiraf|spa|1|[from] item: Throat Spray\n|move|p1a: Arcanine|Flare Blitz|p2a: Farigiraf\n|-damage|p2a: Farigiraf|14\/100\n|-damage|p1a: Arcanine|36\/100|[from] Recoil\n|\n|upkeep\n|turn|3\n|inactive|fonzee3000 has 30 seconds left.\n|inactive|fonzee3000 has 20 seconds left.\n|inactive|fonzee3000 has 15 seconds left.\n|inactive|fonzee3000 has 10 seconds left.\n|\n|t:|1682439455\n|move|p1a: Arcanine|Protect|p1a: Arcanine\n|-singleturn|p1a: Arcanine|Protect\n|move|p2b: Amoonguss|Pollen Puff|p2a: Farigiraf\n|-heal|p2a: Farigiraf|63\/100\n|move|p1b: Amoonguss|Spore|p2b: Amoonguss\n|-status|p2b: Amoonguss|slp|[from] move: Spore\n|move|p2a: Farigiraf|Psychic|p1b: Amoonguss\n|-supereffective|p1b: Amoonguss\n|-damage|p1b: Amoonguss|0 fnt\n|faint|p1b: Amoonguss\n|\n|upkeep\n|\n|t:|1682439474\n|switch|p1b: Baxcalibur|Baxcalibur, L50, M|100\/100\n|turn|4\n|\n|t:|1682439489\n|switch|p2b: Iron Hands|Iron Hands, L50, shiny|100\/100\n|move|p1b: Baxcalibur|Protect|p1b: Baxcalibur\n|-singleturn|p1b: Baxcalibur|Protect\n|move|p2a: Farigiraf|Psychic|p1a: Arcanine\n|-damage|p1a: Arcanine|0 fnt\n|faint|p1a: Arcanine\n|\n|upkeep\n|-message|JadeJazmin forfeited.\n|\n|win|fonzee3000\n|raw|JadeJazmin's rating: 1291 → 1263<\/strong> (-28 for losing)\n|raw|fonzee3000's rating: 1249 → 1277<\/strong> (+28 for winning)\n|l|\u2606JadeJazmin\n","uploadtime":1682439502,"views":6,"p1id":"jadejazmin","p2id":"fonzee3000","formatid":"gen9vgc2023regulationc","rating":1263,"private":0,"password":""}