{"id":"gen9vgc2023regulationc-1849721391","p1":"magicwombat7778","p2":"Joseph Terastalin","format":"[Gen 9] VGC 2023 Regulation C","log":"|j|\u2606magicwombat7778\n|j|\u2606Joseph Terastalin\n|t:|1682239332\n|gametype|doubles\n|player|p1|magicwombat7778|volo-ginkgo|1149\n|player|p2|Joseph Terastalin|blaine|1252\n|teamsize|p1|6\n|teamsize|p2|6\n|gen|9\n|tier|[Gen 9] VGC 2023 Regulation C\n|rated|\n|rule|Species Clause: Limit one of each Pok\u00e9mon\n|rule|Item Clause: Limit one of each item\n|clearpoke\n|poke|p1|Chi-Yu, L50|\n|poke|p1|Gholdengo, L50|\n|poke|p1|Maushold, L50|\n|poke|p1|Meowscarada, L50, M|\n|poke|p1|Flutter Mane, L50|\n|poke|p1|Garchomp, L50, F|\n|poke|p2|Meowscarada, L50, F|\n|poke|p2|Goodra, L50, F|\n|poke|p2|Ting-Lu, L50|\n|poke|p2|Jumpluff, L50, F|\n|poke|p2|Annihilape, L50, M|\n|poke|p2|Gyarados, L50, F|\n|teampreview|4\nJoseph Terastalin rejected open team sheets.\n|inactive|Battle timer is ON: inactive players will automatically lose when time's up. (requested by magicwombat7778)\n|\n|t:|1682239362\n|start\n|switch|p1a: Maushold|Maushold, L50|100\/100\n|switch|p1b: Meowscarada|Meowscarada, L50, M|100\/100\n|switch|p2a: Meowscarada|Meowscarada, L50, F|100\/100\n|switch|p2b: Goodra|Goodra, L50, F|100\/100\n|turn|1\n|\n|t:|1682239387\n|-terastallize|p2b: Goodra|Fire\n|move|p1b: Meowscarada|U-turn|p2a: Meowscarada\n|-supereffective|p2a: Meowscarada\n|-damage|p2a: Meowscarada|0 fnt\n|faint|p2a: Meowscarada\n|\n|t:|1682239392\n|switch|p1b: Chi-Yu|Chi-Yu, L50|100\/100|[from] U-turn\n|-ability|p1b: Chi-Yu|Beads of Ruin\n|move|p1a: Maushold|Tidy Up|p1a: Maushold\n|-boost|p1a: Maushold|atk|1\n|-boost|p1a: Maushold|spe|1\n|move|p2b: Goodra|Earthquake|p1b: Chi-Yu|[spread] p1a,p1b\n|-supereffective|p1b: Chi-Yu\n|-damage|p1a: Maushold|71\/100\n|-damage|p1b: Chi-Yu|40\/100\n|\n|upkeep\n|c|\u2606Joseph Terastalin|tfw i thought my meow is scarfed and outspeeds\n|\n|t:|1682239412\n|switch|p2a: Ting-Lu|Ting-Lu, L50|100\/100\n|-ability|p2a: Ting-Lu|Vessel of Ruin\n|turn|2\n|c|\u2606magicwombat7778|Mine isn't scarfed\n|c|\u2606Joseph Terastalin|wait\n|c|\u2606Joseph Terastalin|what did I do then?\n|c|\u2606magicwombat7778|Did you forget to put the scarf on?\n|inactive|magicwombat7778 has 30 seconds left.\n|c|\u2606magicwombat7778|Or did you forget to EV it?\n|inactive|magicwombat7778 has 20 seconds left.\n|\n|t:|1682239450\n|-terastallize|p1b: Chi-Yu|Flying\n|move|p1a: Maushold|Population Bomb|p2b: Goodra\n|-damage|p2b: Goodra|91\/100\n|-damage|p2b: Goodra|80\/100\n|-damage|p2b: Goodra|69\/100\n|-damage|p2b: Goodra|57\/100\n|-crit|p2b: Goodra\n|-damage|p2b: Goodra|41\/100\n|-damage|p2b: Goodra|30\/100\n|-damage|p2b: Goodra|21\/100\n|-damage|p2b: Goodra|9\/100\n|-damage|p2b: Goodra|0 fnt\n|faint|p2b: Goodra\n|-hitcount|p2: Goodra|9\n|move|p1b: Chi-Yu|Nasty Plot|p1b: Chi-Yu\n|-boost|p1b: Chi-Yu|spa|2\n|move|p2a: Ting-Lu|Stomping Tantrum|p1b: Chi-Yu\n|-immune|p1b: Chi-Yu\n|\n|upkeep\n|c|\u2606Joseph Terastalin|no, somehow it was banded\n|c|\u2606Joseph Terastalin|which would have been bad for a bazillion other reasons\n|\n|t:|1682239469\n|switch|p2b: Annihilape|Annihilape, L50, M|100\/100\n|turn|3\n|\n|t:|1682239480\n|move|p1a: Maushold|Follow Me|p1a: Maushold\n|-singleturn|p1a: Maushold|move: Follow Me\n|move|p1b: Chi-Yu|Psychic|p2b: Annihilape\n|-supereffective|p2b: Annihilape\n|-damage|p2b: Annihilape|0 fnt\n|faint|p2b: Annihilape\n|-damage|p1b: Chi-Yu|30\/100|[from] item: Life Orb\n|move|p2a: Ting-Lu|Heavy Slam|p1a: Maushold\n|-damage|p1a: Maushold|21\/100\n|\n|upkeep\n|turn|4\n|-message|Joseph Terastalin forfeited.\n|\n|win|magicwombat7778\n|raw|magicwombat7778's rating: 1149 → 1181<\/strong> (+32 for winning)\n|raw|Joseph Terastalin's rating: 1252 → 1220<\/strong> (-32 for losing)\n|l|\u2606Joseph Terastalin\n","uploadtime":1682239509,"views":14,"p1id":"magicwombat7778","p2id":"josephterastalin","formatid":"gen9vgc2023regulationc","rating":1181,"private":0,"password":""}