{"id":"gen9vgc2023regulationc-1856926556","p1":"haha you rage quit","p2":"GoRelicantGo","format":"[Gen 9] VGC 2023 Regulation C","log":"|j|\u2606haha you rage quit\n|j|\u2606GoRelicantGo\n|t:|1683126402\n|gametype|doubles\n|player|p1|haha you rage quit|pokemaniac|1370\n|player|p2|GoRelicantGo|101|1259\n|teamsize|p1|6\n|teamsize|p2|6\n|gen|9\n|tier|[Gen 9] VGC 2023 Regulation C\n|rated|\n|rule|Species Clause: Limit one of each Pok\u00e9mon\n|rule|Item Clause: Limit one of each item\n|clearpoke\n|poke|p1|Flutter Mane, L50|\n|poke|p1|Chi-Yu, L50|\n|poke|p1|Great Tusk, L50|\n|poke|p1|Gholdengo, L50|\n|poke|p1|Murkrow, L50, M|\n|poke|p1|Talonflame, L50, M|\n|poke|p2|Annihilape, L50, M|\n|poke|p2|Maushold, L50|\n|poke|p2|Chi-Yu, L50|\n|poke|p2|Flutter Mane, L50|\n|poke|p2|Kingambit, L50, M|\n|poke|p2|Gothitelle, L50, M|\n|teampreview|4\n|\n|t:|1683126449\n|start\n|switch|p1a: Talonflame|Talonflame, L50, M|100\/100\n|switch|p1b: Great Tusk|Great Tusk, L50, shiny|100\/100\n|switch|p2a: Annihilape|Annihilape, L50, M|100\/100\n|switch|p2b: Maushold|Maushold, L50|100\/100\n|turn|1\n|\n|t:|1683126477\n|move|p2b: Maushold|Protect|p2b: Maushold\n|-singleturn|p2b: Maushold|Protect\n|move|p2a: Annihilape|Protect|p2a: Annihilape\n|-singleturn|p2a: Annihilape|Protect\n|move|p1a: Talonflame|Tailwind|p1a: Talonflame\n|-sidestart|p1: haha you rage quit|move: Tailwind\n|move|p1b: Great Tusk|Earthquake|p2b: Maushold|[spread] \n|-activate|p2a: Annihilape|move: Protect\n|-activate|p2b: Maushold|move: Protect\n|-immune|p1a: Talonflame\n|\n|upkeep\n|turn|2\n|inactive|Battle timer is ON: inactive players will automatically lose when time's up. (requested by haha you rage quit)\n|\n|t:|1683126523\n|-terastallize|p2a: Annihilape|Fire\n|move|p1a: Talonflame|Sunny Day|p1a: Talonflame\n|-weather|SunnyDay\n|-activate|p1b: Great Tusk|ability: Protosynthesis\n|-start|p1b: Great Tusk|protosynthesisatk\n|move|p1b: Great Tusk|Earthquake|p2b: Maushold|[spread] p2a,p2b\n|-immune|p1a: Talonflame\n|-supereffective|p2a: Annihilape\n|-damage|p2a: Annihilape|0 fnt\n|-damage|p2b: Maushold|9\/100\n|faint|p2a: Annihilape\n|move|p2b: Maushold|Beat Up|p2: Annihilape|[notarget]\n|-fail|p2b: Maushold\n|\n|-weather|SunnyDay|[upkeep]\n|upkeep\n|\n|t:|1683126544\n|switch|p2a: Flutter Mane|Flutter Mane, L50|100\/100\n|-activate|p2a: Flutter Mane|ability: Protosynthesis\n|-start|p2a: Flutter Mane|protosynthesisspe\n|turn|3\n|\n|t:|1683126553\n|move|p2a: Flutter Mane|Protect|p2a: Flutter Mane\n|-singleturn|p2a: Flutter Mane|Protect\n|move|p2b: Maushold|Protect|p2b: Maushold\n|-singleturn|p2b: Maushold|Protect\n|move|p1a: Talonflame|Heat Wave|p2a: Flutter Mane|[spread] \n|-activate|p2a: Flutter Mane|move: Protect\n|-activate|p2b: Maushold|move: Protect\n|move|p1b: Great Tusk|Earthquake|p2b: Maushold|[spread] \n|-activate|p2a: Flutter Mane|move: Protect\n|-activate|p2b: Maushold|move: Protect\n|-immune|p1a: Talonflame\n|\n|-weather|SunnyDay|[upkeep]\n|upkeep\n|turn|4\n|\n|t:|1683126569\n|switch|p2b: Chi-Yu|Chi-Yu, L50|100\/100\n|-ability|p2b: Chi-Yu|Beads of Ruin\n|-terastallize|p1b: Great Tusk|Ghost\n|move|p2a: Flutter Mane|Dazzling Gleam|p1b: Great Tusk|[spread] p1a,p1b\n|-resisted|p1a: Talonflame\n|-damage|p1a: Talonflame|73\/100\n|-damage|p1b: Great Tusk|49\/100\n|move|p1a: Talonflame|Heat Wave|p2a: Flutter Mane|[spread] p2a,p2b\n|-resisted|p2b: Chi-Yu\n|-damage|p2a: Flutter Mane|40\/100\n|-damage|p2b: Chi-Yu|76\/100\n|move|p1b: Great Tusk|Earthquake|p2b: Chi-Yu|[spread] p2a,p2b\n|-immune|p1a: Talonflame\n|-supereffective|p2b: Chi-Yu\n|-damage|p2a: Flutter Mane|0 fnt\n|-damage|p2b: Chi-Yu|0 fnt\n|faint|p2a: Flutter Mane\n|-end|p2a: Flutter Mane|Protosynthesis|[silent]\n|faint|p2b: Chi-Yu\n|\n|-weather|SunnyDay|[upkeep]\n|-sideend|p1: haha you rage quit|move: Tailwind\n|upkeep\n|-message|GoRelicantGo forfeited.\n|\n|win|haha you rage quit\n|raw|haha you rage quit's rating: 1370 → 1384<\/strong> (+14 for winning)\n|raw|GoRelicantGo's rating: 1259 → 1242<\/strong> (-17 for losing)\n|l|\u2606GoRelicantGo\n","uploadtime":1683126599,"views":12,"p1id":"hahayouragequit","p2id":"gorelicantgo","formatid":"gen9vgc2023regulationc","rating":1242,"private":0,"password":""}