{"id":"gen9vgc2023regulationc-1851026102","p1":"ZootZootCaboot","p2":"complexplumber","format":"[Gen 9] VGC 2023 Regulation C","log":"|j|\u2606ZootZootCaboot\n|j|\u2606complexplumber\n|t:|1682395978\n|gametype|doubles\n|player|p1|ZootZootCaboot|101|1627\n|player|p2|complexplumber|supernerd|1512\n|teamsize|p1|6\n|teamsize|p2|6\n|gen|9\n|tier|[Gen 9] VGC 2023 Regulation C\n|rated|\n|rule|Species Clause: Limit one of each Pok\u00e9mon\n|rule|Item Clause: Limit one of each item\n|clearpoke\n|poke|p1|Dondozo, L50, F|\n|poke|p1|Tatsugiri-Stretchy, L50, F|\n|poke|p1|Glimmora, L50, M|\n|poke|p1|Iron Bundle, L50|\n|poke|p1|Chi-Yu, L50|\n|poke|p1|Pelipper, L50, M|\n|poke|p2|Chi-Yu, L50|\n|poke|p2|Glimmora, L50, M|\n|poke|p2|Maushold-Four, L50|\n|poke|p2|Annihilape, L50, F|\n|poke|p2|Iron Bundle, L50|\n|poke|p2|Breloom, L50, F|\n|teampreview|4\n|j| Crest of Thunders\n|j| WallyTryHard\n|\n|t:|1682396025\n|start\n|switch|p1a: Dondozo|Dondozo, L50, F, shiny|100\/100\n|switch|p1b: Pelipper|Pelipper, L50, M, shiny|100\/100\n|switch|p2a: Maushold|Maushold-Four, L50|100\/100\n|switch|p2b: Breloom|Breloom, L50, F|100\/100\n|-weather|RainDance|[from] ability: Drizzle|[of] p1b: Pelipper\n|turn|1\n|\n|t:|1682396036\n|switch|p1b: Tatsugiri|Tatsugiri-Stretchy, L50, F|100\/100\n|-activate|p1b: Tatsugiri|ability: Commander|[of] p1a: Dondozo\n|-boost|p1a: Dondozo|atk|2\n|-boost|p1a: Dondozo|spa|2\n|-boost|p1a: Dondozo|spe|2\n|-boost|p1a: Dondozo|def|2\n|-boost|p1a: Dondozo|spd|2\n|-terastallize|p1a: Dondozo|Water\n|move|p2b: Breloom|Protect|p2b: Breloom\n|-singleturn|p2b: Breloom|Protect\n|move|p1a: Dondozo|Surf|p2a: Maushold|[spread] p2a\n|-miss|p1a: Dondozo|p1b: Tatsugiri\n|-activate|p2b: Breloom|move: Protect\n|-damage|p2a: Maushold|0 fnt\n|faint|p2a: Maushold\n|-damage|p1a: Dondozo|91\/100|[from] item: Life Orb\n|\n|-weather|RainDance|[upkeep]\n|upkeep\n|\n|t:|1682396054\n|switch|p2a: Iron Bundle|Iron Bundle, L50|100\/100\n|-enditem|p2a: Iron Bundle|Booster Energy\n|-activate|p2a: Iron Bundle|ability: Quark Drive|[fromitem]\n|-start|p2a: Iron Bundle|quarkdrivespe\n|turn|2\n|\n|t:|1682396064\n|move|p2a: Iron Bundle|Icy Wind|p1a: Dondozo|[spread] p1a\n|-miss|p2a: Iron Bundle|p1b: Tatsugiri\n|-resisted|p1a: Dondozo\n|-damage|p1a: Dondozo|84\/100\n|-unboost|p1a: Dondozo|spe|1\n|move|p1a: Dondozo|Surf|p2a: Iron Bundle|[spread] p2a,p2b\n|-miss|p1a: Dondozo|p1b: Tatsugiri\n|-resisted|p2a: Iron Bundle\n|-resisted|p2b: Breloom\n|-damage|p2a: Iron Bundle|0 fnt\n|-damage|p2b: Breloom|0 fnt\n|faint|p2a: Iron Bundle\n|-end|p2a: Iron Bundle|Quark Drive|[silent]\n|faint|p2b: Breloom\n|-damage|p1a: Dondozo|75\/100|[from] item: Life Orb\n|\n|-weather|RainDance|[upkeep]\n|upkeep\n|-message|complexplumber forfeited.\n|\n|win|ZootZootCaboot\n|raw|ZootZootCaboot's rating: 1627 → 1641<\/strong> (+14 for winning)\n|raw|complexplumber's rating: 1512 → 1498<\/strong> (-14 for losing)\n|l|\u2606complexplumber\n|l| Crest of Thunders\n","uploadtime":1682396089,"views":20,"p1id":"zootzootcaboot","p2id":"complexplumber","formatid":"gen9vgc2023regulationc","rating":1498,"private":0,"password":""}