{"id":"gen9vgc2023regulationc-1856836201","p1":"Bananenen","p2":"tcalver","format":"[Gen 9] VGC 2023 Regulation C","log":"|j|\u2606Bananenen\n|j|\u2606tcalver\n|t:|1683117701\n|gametype|doubles\n|player|p1|Bananenen|169|1382\n|player|p2|tcalver|265|1421\n|teamsize|p1|6\n|teamsize|p2|6\n|gen|9\n|tier|[Gen 9] VGC 2023 Regulation C\n|rated|\n|rule|Species Clause: Limit one of each Pok\u00e9mon\n|rule|Item Clause: Limit one of each item\n|clearpoke\n|poke|p1|Talonflame, L50, F|\n|poke|p1|Garchomp, L50, F|\n|poke|p1|Tsareena, L50, F|\n|poke|p1|Iron Bundle, L50|\n|poke|p1|Gholdengo, L50|\n|poke|p1|Chi-Yu, L50|\n|poke|p2|Iron Bundle, L50|\n|poke|p2|Abomasnow, L50, M|\n|poke|p2|Oranguru, L50, F|\n|poke|p2|Murkrow, L50, F|\n|poke|p2|Dondozo, L50, F|\n|poke|p2|Tatsugiri-Stretchy, L50, M|\n|teampreview|4\n|inactive|Battle timer is ON: inactive players will automatically lose when time's up. (requested by Bananenen)\n|inactive|Bananenen has 60 seconds left.\n|\n|t:|1683117749\n|start\n|switch|p1a: Gholdengo|Gholdengo, L50|100\/100\n|switch|p1b: Chi-Yu|Chi-Yu, L50|100\/100\n|switch|p2a: Murkrow|Murkrow, L50, F|100\/100\n|switch|p2b: Abomasnow|Abomasnow, L50, M|100\/100\n|-ability|p1b: Chi-Yu|Beads of Ruin\n|-weather|Snow|[from] ability: Snow Warning|[of] p2b: Abomasnow\n|turn|1\n|\n|t:|1683117772\n|move|p2a: Murkrow|Tailwind|p2a: Murkrow\n|-sidestart|p2: tcalver|move: Tailwind\n|move|p1b: Chi-Yu|Heat Wave|p2a: Murkrow|[spread] p2a\n|-miss|p1b: Chi-Yu|p2b: Abomasnow\n|-enditem|p2a: Murkrow|Focus Sash\n|-damage|p2a: Murkrow|1\/100\n|move|p2b: Abomasnow|Aurora Veil|p2b: Abomasnow\n|-sidestart|p2: tcalver|move: Aurora Veil\n|move|p1a: Gholdengo|Make It Rain|p2b: Abomasnow|[spread] p2a,p2b\n|-supereffective|p2b: Abomasnow\n|-damage|p2a: Murkrow|0 fnt\n|-damage|p2b: Abomasnow|0 fnt\n|-unboost|p1a: Gholdengo|spa|1\n|faint|p2a: Murkrow\n|faint|p2b: Abomasnow\n|\n|-weather|Snow|[upkeep]\n|upkeep\n|\n|t:|1683117787\n|switch|p2a: Iron Bundle|Iron Bundle, L50|100\/100\n|switch|p2b: Oranguru|Oranguru, L50, F|100\/100\n|turn|2\n|j| MondayXyz\n|inactive|Bananenen has 30 seconds left.\n|\n|t:|1683117813\n|switch|p1b: Iron Bundle|Iron Bundle, L50|100\/100\n|-enditem|p1b: Iron Bundle|Booster Energy\n|-activate|p1b: Iron Bundle|ability: Quark Drive|[fromitem]\n|-start|p1b: Iron Bundle|quarkdrivespe\n|-terastallize|p2a: Iron Bundle|Ice\n|-terastallize|p1a: Gholdengo|Steel\n|move|p2b: Oranguru|Brick Break|p2a: Iron Bundle\n|-sideend|p2: tcalver|move: Aurora Veil\n|-supereffective|p2a: Iron Bundle\n|-damage|p2a: Iron Bundle|84\/100\n|-enditem|p2a: Iron Bundle|Weakness Policy\n|-boost|p2a: Iron Bundle|atk|2|[from] item: Weakness Policy\n|-boost|p2a: Iron Bundle|spa|2|[from] item: Weakness Policy\n|-activate|p2b: Oranguru|ability: Symbiosis|Choice Scarf|[of] p2a: Iron Bundle\n|move|p2a: Iron Bundle|Blizzard|p1b: Iron Bundle|[spread] p1a,p1b\n|-resisted|p1a: Gholdengo\n|-resisted|p1b: Iron Bundle\n|-damage|p1a: Gholdengo|32\/100\n|-damage|p1b: Iron Bundle|44\/100\n|move|p1a: Gholdengo|Make It Rain|p2b: Oranguru|[spread] p2a,p2b\n|-supereffective|p2a: Iron Bundle\n|-crit|p2a: Iron Bundle\n|-damage|p2a: Iron Bundle|0 fnt\n|-damage|p2b: Oranguru|50\/100\n|-unboost|p1a: Gholdengo|spa|1\n|faint|p2a: Iron Bundle\n|-end|p2a: Iron Bundle|Quark Drive|[silent]\n|\n|-weather|Snow|[upkeep]\n|upkeep\n|turn|3\n|-message|tcalver forfeited.\n|\n|win|Bananenen\n|raw|Bananenen's rating: 1382 → 1404<\/strong> (+22 for winning)\n|raw|tcalver's rating: 1421 → 1399<\/strong> (-22 for losing)\n|l|\u2606tcalver\n","uploadtime":1683117857,"views":7,"p1id":"bananenen","p2id":"tcalver","formatid":"gen9vgc2023regulationc","rating":1399,"private":0,"password":""}