{"id":"gen9vgc2023regulationc-1862376710","p1":"CCManny","p2":"dfeefdewsada","format":"[Gen 9] VGC 2023 Regulation C","log":"|j|\u2606CCManny\n|j|\u2606dfeefdewsada\n|t:|1683875735\n|gametype|doubles\n|player|p1|CCManny|169|1367\n|player|p2|dfeefdewsada|169|1313\n|teamsize|p1|6\n|teamsize|p2|6\n|gen|9\n|tier|[Gen 9] VGC 2023 Regulation C\n|rated|\n|rule|Species Clause: Limit one of each Pok\u00e9mon\n|rule|Item Clause: Limit one of each item\n|clearpoke\n|poke|p1|Dragonite, L50, M|\n|poke|p1|Corviknight, L50, M|\n|poke|p1|Palafin, L50, F|\n|poke|p1|Flutter Mane, L50|\n|poke|p1|Umbreon, L50, M|\n|poke|p1|Kingambit, L50, F|\n|poke|p2|Mimikyu, L50, F|\n|poke|p2|Oranguru, L50, F|\n|poke|p2|Ting-Lu, L50|\n|poke|p2|Kingambit, L50, F|\n|poke|p2|Torkoal, L50, M|\n|poke|p2|Flutter Mane, L50|\n|teampreview|4\n|\n|t:|1683875770\n|start\n|switch|p1a: Kingambit|Kingambit, L50, F|100\/100\n|switch|p1b: Corviknight|Corviknight, L50, M|100\/100\n|switch|p2a: Oranguru|Oranguru, L50, F|100\/100\n|switch|p2b: Kingambit|Kingambit, L50, F|100\/100\n|turn|1\n|\n|t:|1683875788\n|-terastallize|p2a: Oranguru|Fairy\n|move|p1b: Corviknight|Bulk Up|p1b: Corviknight\n|-boost|p1b: Corviknight|atk|1\n|-boost|p1b: Corviknight|def|1\n|move|p1a: Kingambit|Kowtow Cleave|p2a: Oranguru\n|-resisted|p2a: Oranguru\n|-damage|p2a: Oranguru|73\/100\n|move|p2b: Kingambit|Guillotine|p1b: Corviknight|[miss]\n|-miss|p2b: Kingambit|p1b: Corviknight\n|move|p2a: Oranguru|Trick Room|p2a: Oranguru\n|-fieldstart|move: Trick Room|[of] p2a: Oranguru\n|\n|upkeep\n|turn|2\n|inactive|Battle timer is ON: inactive players will automatically lose when time's up. (requested by dfeefdewsada)\n|\n|t:|1683875807\n|move|p2b: Kingambit|Guillotine|p1b: Corviknight\n|-damage|p1b: Corviknight|0 fnt\n|faint|p1b: Corviknight\n|-ohko\n|move|p2a: Oranguru|Instruct|p2b: Kingambit\n|-singleturn|p2b: Kingambit|move: Instruct|[of] p2a: Oranguru\n|move|p2b: Kingambit|Guillotine|p1a: Kingambit\n|-damage|p1a: Kingambit|0 fnt\n|faint|p1a: Kingambit\n|-ohko\n|\n|upkeep\n|\n|t:|1683875820\n|switch|p1a: Flutter Mane|Flutter Mane, L50|100\/100\n|switch|p1b: Dragonite|Dragonite, L50, M, shiny|100\/100\n|-enditem|p1a: Flutter Mane|Booster Energy\n|-activate|p1a: Flutter Mane|ability: Protosynthesis|[fromitem]\n|-start|p1a: Flutter Mane|protosynthesisspe\n|turn|3\n|\n|t:|1683875833\n|-terastallize|p1b: Dragonite|Fire\n|move|p2b: Kingambit|Iron Head|p1a: Flutter Mane\n|-supereffective|p1a: Flutter Mane\n|-damage|p1a: Flutter Mane|0 fnt\n|faint|p1a: Flutter Mane\n|-end|p1a: Flutter Mane|Protosynthesis|[silent]\n|move|p2a: Oranguru|Instruct|p2b: Kingambit\n|-singleturn|p2b: Kingambit|move: Instruct|[of] p2a: Oranguru\n|move|p2b: Kingambit|Iron Head|p1b: Dragonite\n|-resisted|p1b: Dragonite\n|-damage|p1b: Dragonite|89\/100\n|move|p1b: Dragonite|Fire Punch|p2b: Kingambit\n|-supereffective|p2b: Kingambit\n|-damage|p2b: Kingambit|31\/100\n|\n|upkeep\n|turn|4\n|\n|t:|1683875851\n|move|p2b: Kingambit|Guillotine|p1b: Dragonite\n|-damage|p1b: Dragonite|0 fnt\n|faint|p1b: Dragonite\n|-ohko\n|\n|win|dfeefdewsada\n|raw|CCManny's rating: 1367 → 1344<\/strong> (-23 for losing)\n|raw|dfeefdewsada's rating: 1313 → 1336<\/strong> (+23 for winning)\n|l|\u2606CCManny\n","uploadtime":1683875862,"views":9,"p1id":"ccmanny","p2id":"dfeefdewsada","formatid":"gen9vgc2023regulationc","rating":1336,"private":0,"password":""}