{"id":"gen9vgc2023regulationc-1856061624","p1":"Insertable194","p2":"tomo0501","format":"[Gen 9] VGC 2023 Regulation C","log":"|j|\u2606Insertable194\n|j|\u2606tomo0501\n|t:|1683024995\n|gametype|doubles\n|player|p1|Insertable194|102|1329\n|player|p2|tomo0501|102|1381\n|teamsize|p1|6\n|teamsize|p2|6\n|gen|9\n|tier|[Gen 9] VGC 2023 Regulation C\n|rated|\n|rule|Species Clause: Limit one of each Pok\u00e9mon\n|rule|Item Clause: Limit one of each item\n|clearpoke\n|poke|p1|Talonflame, L50, M|\n|poke|p1|Dragapult, L50, M|\n|poke|p1|Flutter Mane, L50|\n|poke|p1|Chien-Pao, L50|\n|poke|p1|Chi-Yu, L50|\n|poke|p1|Iron Bundle, L50|\n|poke|p2|Pelipper, L50, M|\n|poke|p2|Drednaw, L50, F|\n|poke|p2|Dragapult, L50, M|\n|poke|p2|Chien-Pao, L50|\n|poke|p2|Amoonguss, L50, M|\n|poke|p2|Great Tusk, L50|\n|teampreview|4\nInsertable194 has agreed to open team sheets.\n|inactive|Battle timer is ON: inactive players will automatically lose when time's up. (requested by Insertable194)\n|inactive|Insertable194 has 60 seconds left.\n|inactive|tomo0501 has 60 seconds left.\n|\n|t:|1683025045\n|start\n|switch|p1a: Talonflame|Talonflame, L50, M|100\/100\n|switch|p1b: Chien-Pao|Chien-Pao, L50|100\/100\n|switch|p2a: Dragapult|Dragapult, L50, M|100\/100\n|switch|p2b: Drednaw|Drednaw, L50, F|100\/100\n|-ability|p1b: Chien-Pao|Sword of Ruin\n|turn|1\n|\n|t:|1683025069\n|switch|p2b: Pelipper|Pelipper, L50, M|100\/100\n|-weather|RainDance|[from] ability: Drizzle|[of] p2b: Pelipper\n|-terastallize|p2a: Dragapult|Steel\n|move|p1a: Talonflame|Tailwind|p1a: Talonflame\n|-sidestart|p1: Insertable194|move: Tailwind\n|move|p1b: Chien-Pao|Sacred Sword|p2b: Pelipper\n|-resisted|p2b: Pelipper\n|-damage|p2b: Pelipper|84\/100\n|move|p2a: Dragapult|Tera Blast|p1b: Chien-Pao\n|-supereffective|p1b: Chien-Pao\n|-enditem|p1b: Chien-Pao|Focus Sash\n|-damage|p1b: Chien-Pao|1\/100\n|\n|-weather|RainDance|[upkeep]\n|upkeep\n|turn|2\n|\n|t:|1683025091\n|switch|p2a: Chien-Pao|Chien-Pao, L50|100\/100\n|-ability|p2a: Chien-Pao|Sword of Ruin\n|move|p1b: Chien-Pao|Sacred Sword|p2a: Chien-Pao\n|-supereffective|p2a: Chien-Pao\n|-damage|p2a: Chien-Pao|0 fnt\n|-damage|p1b: Chien-Pao|0 fnt|[from] item: Rocky Helmet|[of] p2a: Chien-Pao\n|faint|p2a: Chien-Pao\n|faint|p1b: Chien-Pao\n|move|p1a: Talonflame|Taunt|p2b: Pelipper\n|-start|p2b: Pelipper|move: Taunt\n|move|p2b: Pelipper|Hydro Pump|p1a: Talonflame\n|-supereffective|p1a: Talonflame\n|-damage|p1a: Talonflame|0 fnt\n|faint|p1a: Talonflame\n|\n|-weather|RainDance|[upkeep]\n|upkeep\n|\n|t:|1683025109\n|switch|p1b: Flutter Mane|Flutter Mane, L50|100\/100\n|switch|p1a: Iron Bundle|Iron Bundle, L50|100\/100\n|switch|p2a: Dragapult|Dragapult, L50, M, tera:Steel|100\/100\n|turn|3\n|inactive|Insertable194 has 30 seconds left.\n|\n|t:|1683025137\n|-terastallize|p1b: Flutter Mane|Fairy\n|move|p1a: Iron Bundle|Hydro Pump|p2a: Dragapult\n|-damage|p2a: Dragapult|0 fnt\n|faint|p2a: Dragapult\n|move|p1b: Flutter Mane|Moonblast|p2b: Pelipper\n|-damage|p2b: Pelipper|0 fnt\n|faint|p2b: Pelipper\n|-damage|p1b: Flutter Mane|91\/100|[from] item: Life Orb\n|\n|-weather|RainDance|[upkeep]\n|upkeep\n|-message|tomo0501 forfeited.\n|\n|win|Insertable194\n|raw|Insertable194's rating: 1352 → 1374<\/strong> (+22 for winning)\n|raw|tomo0501's rating: 1381 → 1359<\/strong> (-22 for losing)\n|l|\u2606tomo0501\n","uploadtime":1683025147,"views":8,"p1id":"insertable194","p2id":"tomo0501","formatid":"gen9vgc2023regulationc","rating":1359,"private":0,"password":""}