{"id":"gen9vgc2023regulationc-1860136853","p1":"FEARLESS_TS","p2":"P OMEGALUL L","format":"[Gen 9] VGC 2023 Regulation C","log":"|j|\u2606FEARLESS_TS\n|j|\u2606P OMEGALUL L\n|t:|1683599637\n|gametype|doubles\n|player|p1|FEARLESS_TS|caitlin|\n|player|p2|P OMEGALUL L|2|\n|teamsize|p1|6\n|teamsize|p2|6\n|gen|9\n|tier|[Gen 9] VGC 2023 Regulation C\n|rated|Tournament battle\n|rule|Species Clause: Limit one of each Pok\u00e9mon\n|rule|Item Clause: Limit one of each item\n|clearpoke\n|poke|p1|Palafin, L50, M|\n|poke|p1|Chien-Pao, L50|\n|poke|p1|Dragapult, L50, F|\n|poke|p1|Amoonguss, L50, F|\n|poke|p1|Arcanine, L50, F|\n|poke|p1|Flutter Mane, L50|\n|poke|p2|Iron Bundle, L50|\n|poke|p2|Abomasnow, L50, M|\n|poke|p2|Annihilape, L50, F|\n|poke|p2|Maushold-Four, L50|\n|poke|p2|Ting-Lu, L50|\n|poke|p2|Great Tusk, L50|\n|teampreview|4\n|raw| Open Team Sheet for FEARLESS_TS<\/summary>Dozo (Palafin) @ Mystic Water Ability: Zero to Hero Level: 50 Tera Type: Water - Haze - Wave Crash - Jet Punch - Protect Bundle (Chien-Pao) @ Focus Sash Ability: Sword of Ruin Level: 50 Tera Type: Ghost - Sacred Sword - Ice Spinner - Sucker Punch - Protect Dnite (Dragapult) @ Choice Band Ability: Clear Body Level: 50 Tera Type: Steel - Dragon Darts - Phantom Force - Tera Blast - U-turn WoChien (Amoonguss) @ Sitrus Berry Ability: Regenerator Level: 50 Tera Type: Water - Spore - Rage Powder - Pollen Puff - Protect ChiYu (Arcanine) @ Safety Goggles Ability: Intimidate Level: 50 Tera Type: Flying - Will-O-Wisp - Flare Blitz - Extreme Speed - Protect Mimi (Flutter Mane) @ Booster Energy Ability: Protosynthesis Level: 50 Tera Type: Fairy - Moonblast - Dazzling Gleam - Shadow Ball - Protect <\/details><\/div> Open Team Sheet for P OMEGALUL L<\/summary>Iron Bundle @ Booster Energy Ability: Quark Drive Level: 50 Tera Type: Ice - Blizzard - Hydro Pump - Aurora Veil - Protect Abomasnow @ Focus Sash Ability: Snow Warning Level: 50 Tera Type: Water - Blizzard - Energy Ball - Aurora Veil - Protect Annihilape @ Leftovers Ability: Defiant Level: 50 Tera Type: Fire - Rage Fist - Drain Punch - Bulk Up - Protect Maushold (Maushold-Four) @ Safety Goggles Ability: Friend Guard Level: 50 Tera Type: Ghost - Super Fang - Follow Me - Beat Up - Protect Ting-Lu @ Assault Vest Ability: Vessel of Ruin Level: 50 Tera Type: Grass - Stomping Tantrum - Heavy Slam - Payback - Ruination Great Tusk @ Choice Scarf Ability: Protosynthesis Level: 50 Hidden Power: Fighting Tera Type: Ground - Headlong Rush - Close Combat - Earthquake - Rock Slide <\/details><\/div>\n|inactive|Battle timer is ON: inactive players will automatically lose when time's up. (requested by FEARLESS_TS)\n|inactive|P OMEGALUL L has 60 seconds left.\n|\n|t:|1683599678\n|start\n|switch|p1a: ChiYu|Arcanine, L50, F|100\/100\n|switch|p1b: Mimi|Flutter Mane, L50|100\/100\n|switch|p2a: Abomasnow|Abomasnow, L50, M|100\/100\n|switch|p2b: Annihilape|Annihilape, L50, F|100\/100\n|-ability|p1a: ChiYu|Intimidate|boost\n|-unboost|p2a: Abomasnow|atk|1\n|-unboost|p2b: Annihilape|atk|1\n|-ability|p2b: Annihilape|Defiant|boost\n|-boost|p2b: Annihilape|atk|2\n|-weather|Snow|[from] ability: Snow Warning|[of] p2a: Abomasnow\n|-enditem|p1b: Mimi|Booster Energy\n|-activate|p1b: Mimi|ability: Protosynthesis|[fromitem]\n|-start|p1b: Mimi|protosynthesisspa\n|turn|1\n|inactive|P OMEGALUL L has 30 seconds left.\n|\n|t:|1683599710\n|-terastallize|p2b: Annihilape|Fire\n|move|p1b: Mimi|Moonblast|p2b: Annihilape\n|-resisted|p2b: Annihilape\n|-damage|p2b: Annihilape|77\/100\n|move|p1a: ChiYu|Flare Blitz|p2a: Abomasnow\n|-supereffective|p2a: Abomasnow\n|-enditem|p2a: Abomasnow|Focus Sash\n|-damage|p2a: Abomasnow|1\/100\n|-status|p2a: Abomasnow|brn\n|-damage|p1a: ChiYu|73\/100|[from] Recoil\n|move|p2a: Abomasnow|Aurora Veil|p2a: Abomasnow\n|-sidestart|p2: P OMEGALUL L|move: Aurora Veil\n|move|p2b: Annihilape|Rage Fist|p1b: Mimi\n|-supereffective|p1b: Mimi\n|-damage|p1b: Mimi|0 fnt\n|faint|p1b: Mimi\n|-end|p1b: Mimi|Protosynthesis|[silent]\n|\n|-weather|Snow|[upkeep]\n|-heal|p2b: Annihilape|84\/100|[from] item: Leftovers\n|-damage|p2a: Abomasnow|0 fnt|[from] brn\n|faint|p2a: Abomasnow\n|upkeep\n|\n|t:|1683599728\n|switch|p1b: Dnite|Dragapult, L50, F|100\/100\n|switch|p2a: Great Tusk|Great Tusk, L50|100\/100\n|turn|2\n|\n|t:|1683599749\n|move|p1a: ChiYu|Extreme Speed|p2b: Annihilape\n|-damage|p2b: Annihilape|70\/100\n|move|p2a: Great Tusk|Headlong Rush|p1a: ChiYu\n|-supereffective|p1a: ChiYu\n|-damage|p1a: ChiYu|0 fnt\n|-unboost|p2a: Great Tusk|def|1\n|-unboost|p2a: Great Tusk|spd|1\n|faint|p1a: ChiYu\n|move|p1b: Dnite|Phantom Force||[still]\n|-prepare|p1b: Dnite|Phantom Force\n|move|p2b: Annihilape|Rage Fist|p1b: Dnite|[miss]\n|-miss|p2b: Annihilape|p1b: Dnite\n|\n|-weather|Snow|[upkeep]\n|-heal|p2b: Annihilape|76\/100|[from] item: Leftovers\n|upkeep\n|\n|t:|1683599768\n|switch|p1a: Bundle|Chien-Pao, L50|100\/100\n|-ability|p1a: Bundle|Sword of Ruin\n|turn|3\n|\n|t:|1683599774\n|-end|p2a: Great Tusk|Protosynthesis|[silent]\n|switch|p2a: Maushold|Maushold-Four, L50|100\/100\n|move|p1b: Dnite|Phantom Force|p2b: Annihilape|[from]lockedmove\n|-damage|p2b: Annihilape|34\/100\n|move|p1a: Bundle|Ice Spinner|p2a: Maushold\n|-damage|p2a: Maushold|64\/100\n|move|p2b: Annihilape|Rage Fist|p1b: Dnite\n|-supereffective|p1b: Dnite\n|-damage|p1b: Dnite|0 fnt\n|faint|p1b: Dnite\n|\n|-weather|Snow|[upkeep]\n|-heal|p2b: Annihilape|40\/100|[from] item: Leftovers\n|upkeep\n|turn|4\n|\n|t:|1683599791\n|move|p2a: Maushold|Follow Me|p2a: Maushold\n|-singleturn|p2a: Maushold|move: Follow Me\n|move|p1a: Bundle|Sacred Sword|p2a: Maushold\n|-supereffective|p2a: Maushold\n|-damage|p2a: Maushold|8\/100\n|move|p2b: Annihilape|Drain Punch|p1a: Bundle\n|-supereffective|p1a: Bundle\n|-enditem|p1a: Bundle|Focus Sash\n|-damage|p1a: Bundle|1\/100\n|-heal|p2b: Annihilape|78\/100|[from] drain|[of] p1a: Bundle\n|\n|-weather|Snow|[upkeep]\n|-heal|p2b: Annihilape|84\/100|[from] item: Leftovers\n|upkeep\n|turn|5\n|l|\u2606FEARLESS_TS\n|inactive|FEARLESS_TS disconnected and has a minute to reconnect!\n|player|p1|\n|inactive|FEARLESS_TS has 30 seconds left.\n|inactive|FEARLESS_TS has 20 seconds left.\n|inactive|FEARLESS_TS has 15 seconds left.\n|inactive|FEARLESS_TS has 10 seconds left.\n|inactive|FEARLESS_TS has 5 seconds left.\n|-message|FEARLESS_TS lost due to inactivity.\n|\n|win|P OMEGALUL L\n|n|\u2606P OMEGALUL L|pomegalull\n","uploadtime":1683599852,"views":7,"p1id":"fearlessts","p2id":"pomegalull","formatid":"gen9vgc2023regulationc","rating":0,"private":0,"password":""}