{"id":"gen9vgc2023regulationc-1859149558","p1":"BIGHAXORUSFAN147","p2":"chi-yuonetrick","format":"[Gen 9] VGC 2023 Regulation C","log":"|j|\u2606BIGHAXORUSFAN147\n|j|\u2606chi-yuonetrick\n|t:|1683410461\n|gametype|doubles\n|player|p1|BIGHAXORUSFAN147|grimsley-masters|1487\n|player|p2|chi-yuonetrick|acetrainer-gen6xy|1431\n|teamsize|p1|6\n|teamsize|p2|6\n|gen|9\n|tier|[Gen 9] VGC 2023 Regulation C\n|rated|\n|rule|Species Clause: Limit one of each Pok\u00e9mon\n|rule|Item Clause: Limit one of each item\n|clearpoke\n|poke|p1|Kingambit, L50, M|\n|poke|p1|Dragonite, L50, M|\n|poke|p1|Palafin, L50, M|\n|poke|p1|Amoonguss, L50, M|\n|poke|p1|Arcanine, L50, M|\n|poke|p1|Flutter Mane, L50|\n|poke|p2|Chi-Yu, L50|\n|poke|p2|Amoonguss, L50, M|\n|poke|p2|Gyarados, L50, M|\n|poke|p2|Iron Hands, L50|\n|poke|p2|Flutter Mane, L50|\n|poke|p2|Dragonite, L50, F|\n|teampreview|4\nBIGHAXORUSFAN147 has agreed to open team sheets.\nchi-yuonetrick has agreed to open team sheets.\n|\n|t:|1683410523\n|start\n|switch|p1a: Perona|Flutter Mane, L50|100\/100\n|switch|p1b: Mihawk|Kingambit, L50, M|100\/100\n|switch|p2a: Chi-Yu|Chi-Yu, L50|100\/100\n|switch|p2b: Flutter Mane|Flutter Mane, L50|100\/100\n|-ability|p2a: Chi-Yu|Beads of Ruin\n|-enditem|p2b: Flutter Mane|Booster Energy\n|-activate|p2b: Flutter Mane|ability: Protosynthesis|[fromitem]\n|-start|p2b: Flutter Mane|protosynthesisspe\n|turn|1\n|\n|t:|1683410573\n|-terastallize|p1a: Perona|Fairy\n|move|p1b: Mihawk|Sucker Punch|p2b: Flutter Mane\n|-damage|p2b: Flutter Mane|25\/100\n|move|p2b: Flutter Mane|Shadow Ball|p1a: Perona\n|-damage|p1a: Perona|42\/100\n|-unboost|p1a: Perona|spd|1\n|move|p1a: Perona|Dazzling Gleam|p2b: Flutter Mane|[spread] p2a,p2b\n|-damage|p2a: Chi-Yu|26\/100\n|-damage|p2b: Flutter Mane|0 fnt\n|faint|p2b: Flutter Mane\n|-end|p2b: Flutter Mane|Protosynthesis|[silent]\n|move|p2a: Chi-Yu|Flamethrower|p1b: Mihawk\n|-supereffective|p1b: Mihawk\n|-damage|p1b: Mihawk|0 fnt\n|faint|p1b: Mihawk\n|\n|upkeep\n|\n|t:|1683410595\n|switch|p2b: Dragonite|Dragonite, L50, F|100\/100\n|switch|p1b: Sakazuki|Arcanine, L50, M|100\/100\n|-ability|p1b: Sakazuki|Intimidate|boost\n|-unboost|p2a: Chi-Yu|atk|1\n|-unboost|p2b: Dragonite|atk|1\n|turn|2\n|\n|t:|1683410622\n|-end|p1a: Perona|Protosynthesis|[silent]\n|switch|p1a: Aramaki|Amoonguss, L50, M|100\/100\n|move|p1b: Sakazuki|Extreme Speed|p2a: Chi-Yu\n|-damage|p2a: Chi-Yu|0 fnt\n|faint|p2a: Chi-Yu\n|move|p2b: Dragonite|Extreme Speed|p1a: Aramaki\n|-damage|p1a: Aramaki|84\/100\n|\n|upkeep\n|\n|t:|1683410629\n|switch|p2a: Amoonguss|Amoonguss, L50, M|100\/100\n|turn|3\n|\n|t:|1683410647\n|-terastallize|p2b: Dragonite|Flying\n|move|p1a: Aramaki|Protect|p1a: Aramaki\n|-singleturn|p1a: Aramaki|Protect\n|move|p1b: Sakazuki|Will-O-Wisp|p2b: Dragonite\n|-status|p2b: Dragonite|brn\n|move|p2b: Dragonite|Tera Blast|p1a: Aramaki\n|-activate|p1a: Aramaki|move: Protect\n|move|p2a: Amoonguss|Pollen Puff|p2b: Dragonite\n|-immune|p2b: Dragonite\n|\n|-damage|p2b: Dragonite|95\/100 brn|[from] brn\n|upkeep\n|turn|4\n|-message|chi-yuonetrick forfeited.\n|\n|win|BIGHAXORUSFAN147\n|raw|BIGHAXORUSFAN147's rating: 1487 → 1504<\/strong> (+17 for winning)\n|raw|chi-yuonetrick's rating: 1431 → 1414<\/strong> (-17 for losing)\n|l|\u2606chi-yuonetrick\n","uploadtime":1683410656,"views":11,"p1id":"bighaxorusfan147","p2id":"chiyuonetrick","formatid":"gen9vgc2023regulationc","rating":1414,"private":0,"password":""}