{"id":"gen9vgc2023regulationc-1864346596","p1":"revocolombia","p2":"nmon20","format":"[Gen 9] VGC 2023 Regulation C","log":"|j|\u2606revocolombia\n|j|\u2606nmon20\n|t:|1684158028\n|gametype|doubles\n|player|p1|revocolombia|pokemonranger-gen4|1343\n|player|p2|nmon20|266|1331\n|teamsize|p1|6\n|teamsize|p2|6\n|gen|9\n|tier|[Gen 9] VGC 2023 Regulation C\n|rated|\n|rule|Species Clause: Limit one of each Pok\u00e9mon\n|rule|Item Clause: Limit one of each item\n|clearpoke\n|poke|p1|Flutter Mane, L50|\n|poke|p1|Annihilape, L50, M|\n|poke|p1|Dragonite, L50, F|\n|poke|p1|Chien-Pao, L50|\n|poke|p1|Murkrow, L50, M|\n|poke|p1|Gholdengo, L50|\n|poke|p2|Glimmora, L50, M|\n|poke|p2|Dragonite, L50, M|\n|poke|p2|Dondozo, L50, M|\n|poke|p2|Tatsugiri, L50, F|\n|poke|p2|Chi-Yu, L50|\n|poke|p2|Iron Bundle, L50|\n|teampreview|4\n|inactive|Battle timer is ON: inactive players will automatically lose when time's up. (requested by nmon20)\n|\n|t:|1684158073\n|start\n|switch|p1a: Gholdengo|Gholdengo, L50|100\/100\n|switch|p1b: Dragonite|Dragonite, L50, F|100\/100\n|switch|p2a: Glimmora|Glimmora, L50, M, shiny|100\/100\n|switch|p2b: Chi-Yu|Chi-Yu, L50|100\/100\n|-ability|p2b: Chi-Yu|Beads of Ruin\n|turn|1\n|\n|t:|1684158090\n|-terastallize|p1a: Gholdengo|Water\n|move|p2b: Chi-Yu|Heat Wave|p1b: Dragonite|[spread] p1a,p1b\n|-resisted|p1a: Gholdengo\n|-resisted|p1b: Dragonite\n|-damage|p1a: Gholdengo|73\/100\n|-damage|p1b: Dragonite|88\/100\n|move|p1a: Gholdengo|Make It Rain|p2a: Glimmora|[spread] p2a,p2b\n|-supereffective|p2a: Glimmora\n|-resisted|p2b: Chi-Yu\n|-damage|p2a: Glimmora|0 fnt\n|-damage|p2b: Chi-Yu|61\/100\n|-unboost|p1a: Gholdengo|spa|1\n|faint|p2a: Glimmora\n|-damage|p1a: Gholdengo|63\/100|[from] item: Life Orb\n|move|p1b: Dragonite|Dragon Dance|p1b: Dragonite\n|-boost|p1b: Dragonite|atk|1\n|-boost|p1b: Dragonite|spe|1\n|\n|upkeep\n|\n|t:|1684158107\n|switch|p2a: Iron Bundle|Iron Bundle, L50, shiny|100\/100\n|-enditem|p2a: Iron Bundle|Booster Energy\n|-activate|p2a: Iron Bundle|ability: Quark Drive|[fromitem]\n|-start|p2a: Iron Bundle|quarkdrivespe\n|turn|2\n|inactive|nmon20 has 30 seconds left.\n|\n|t:|1684158136\n|move|p2b: Chi-Yu|Protect|p2b: Chi-Yu\n|-singleturn|p2b: Chi-Yu|Protect\n|move|p1b: Dragonite|Extreme Speed|p2b: Chi-Yu\n|-activate|p2b: Chi-Yu|move: Protect\n|move|p2a: Iron Bundle|Freeze-Dry|p1b: Dragonite\n|-supereffective|p1b: Dragonite\n|-damage|p1b: Dragonite|0 fnt\n|faint|p1b: Dragonite\n|move|p1a: Gholdengo|Thunderbolt|p2a: Iron Bundle\n|-supereffective|p2a: Iron Bundle\n|-damage|p2a: Iron Bundle|0 fnt\n|faint|p2a: Iron Bundle\n|-end|p2a: Iron Bundle|Quark Drive|[silent]\n|-damage|p1a: Gholdengo|53\/100|[from] item: Life Orb\n|\n|upkeep\n|\n|t:|1684158149\n|switch|p2a: Dragonite|Dragonite, L50, M, shiny|100\/100\n|switch|p1b: Murkrow|Murkrow, L50, M|100\/100\n|turn|3\n|inactive|nmon20 has 30 seconds left.\n|\n|t:|1684158181\n|-terastallize|p2a: Dragonite|Normal\n|move|p2a: Dragonite|Extreme Speed|p1a: Gholdengo\n|-damage|p1a: Gholdengo|0 fnt\n|faint|p1a: Gholdengo\n|move|p1b: Murkrow|Haze|p1b: Murkrow\n|-clearallboost\n|move|p2b: Chi-Yu|Heat Wave|p1b: Murkrow\n|-damage|p1b: Murkrow|28\/100\n|\n|upkeep\n|\n|t:|1684158192\n|switch|p1a: Flutter Mane|Flutter Mane, L50|100\/100\n|-enditem|p1a: Flutter Mane|Booster Energy\n|-activate|p1a: Flutter Mane|ability: Protosynthesis|[fromitem]\n|-start|p1a: Flutter Mane|protosynthesisspe\n|turn|4\n|\n|t:|1684158205\n|move|p2a: Dragonite|Extreme Speed|p1b: Murkrow\n|-damage|p1b: Murkrow|0 fnt\n|faint|p1b: Murkrow\n|move|p1a: Flutter Mane|Dazzling Gleam|p2b: Chi-Yu|[spread] p2a,p2b\n|-damage|p2a: Dragonite|77\/100\n|-damage|p2b: Chi-Yu|20\/100\n|move|p2b: Chi-Yu|Overheat|p1a: Flutter Mane\n|-damage|p1a: Flutter Mane|0 fnt\n|-unboost|p2b: Chi-Yu|spa|2\n|faint|p1a: Flutter Mane\n|-end|p1a: Flutter Mane|Protosynthesis|[silent]\n|\n|win|nmon20\n|raw|revocolombia's rating: 1343 → 1322<\/strong> (-21 for losing)\n|raw|nmon20's rating: 1331 → 1352<\/strong> (+21 for winning)\n|l|\u2606nmon20\n","uploadtime":1684158225,"views":8,"p1id":"revocolombia","p2id":"nmon20","formatid":"gen9vgc2023regulationc","rating":1322,"private":0,"password":""}