{"id":"gen9vgc2023regulationc-1852668194","p1":"iwillbuild","p2":"MatRod","format":"[Gen 9] VGC 2023 Regulation C","log":"|j|\u2606iwillbuild\n|j|\u2606MatRod\n|t:|1682593866\n|gametype|doubles\n|player|p1|iwillbuild|170|1048\n|player|p2|MatRod|veteran|1134\n|teamsize|p1|6\n|teamsize|p2|6\n|gen|9\n|tier|[Gen 9] VGC 2023 Regulation C\n|rated|\n|rule|Species Clause: Limit one of each Pok\u00e9mon\n|rule|Item Clause: Limit one of each item\n|clearpoke\n|poke|p1|Krookodile, L50, F|\n|poke|p1|Flutter Mane, L50|\n|poke|p1|Talonflame, L50, F|\n|poke|p1|Baxcalibur, L50, F|\n|poke|p1|Annihilape, L50, F|\n|poke|p1|Sableye, L50, M|\n|poke|p2|Espathra, L50, F|\n|poke|p2|Indeedee-F, L50, F|\n|poke|p2|Armarouge, L50, F|\n|poke|p2|Sandy Shocks, L50|\n|poke|p2|Flutter Mane, L50|\n|poke|p2|Maushold-Four, L50|\n|teampreview|4\n|\n|t:|1682593911\n|start\n|switch|p1a: Talonflame|Talonflame, L50, F, shiny|100\/100\n|switch|p1b: Krookodile|Krookodile, L50, F, shiny|100\/100\n|switch|p2a: Espathra|Espathra, L50, F, shiny|100\/100\n|switch|p2b: Sandy Shocks|Sandy Shocks, L50, shiny|100\/100\n|-enditem|p2b: Sandy Shocks|Booster Energy\n|-activate|p2b: Sandy Shocks|ability: Protosynthesis|[fromitem]\n|-start|p2b: Sandy Shocks|protosynthesisspe\n|turn|1\n|\n|t:|1682593938\n|-terastallize|p1b: Krookodile|Ground\n|move|p1a: Talonflame|Tailwind|p1a: Talonflame\n|-sidestart|p1: iwillbuild|move: Tailwind\n|move|p1b: Krookodile|Earthquake|p2a: Espathra|[spread] p2a,p2b\n|-immune|p1a: Talonflame\n|-supereffective|p2b: Sandy Shocks\n|-enditem|p2a: Espathra|Focus Sash\n|-damage|p2a: Espathra|1\/100\n|-damage|p2b: Sandy Shocks|0 fnt\n|faint|p2b: Sandy Shocks\n|-end|p2b: Sandy Shocks|Protosynthesis|[silent]\n|-ability|p1b: Krookodile|Moxie|boost\n|-boost|p1b: Krookodile|atk|1\n|move|p2a: Espathra|Hypnosis|p1b: Krookodile|[miss]\n|-miss|p2a: Espathra|p1b: Krookodile\n|\n|-ability|p2a: Espathra|Speed Boost|boost\n|-boost|p2a: Espathra|spe|1\n|upkeep\n|inactive|Battle timer is ON: inactive players will automatically lose when time's up. (requested by iwillbuild)\n|inactive|MatRod has 60 seconds left.\n|\n|t:|1682594023\n|switch|p2b: Maushold|Maushold-Four, L50|100\/100\n|turn|2\n|\n|t:|1682594034\n|move|p1a: Talonflame|Brave Bird|p2b: Maushold\n|-damage|p2b: Maushold|21\/100\n|-damage|p1a: Talonflame|75\/100|[from] Recoil\n|move|p1b: Krookodile|Earthquake|p2a: Espathra|[spread] p2a,p2b\n|-immune|p1a: Talonflame\n|-damage|p2a: Espathra|0 fnt\n|-damage|p2b: Maushold|0 fnt\n|faint|p2a: Espathra\n|faint|p2b: Maushold\n|-ability|p1b: Krookodile|Moxie|boost\n|-boost|p1b: Krookodile|atk|2\n|\n|upkeep\n|\n|t:|1682594041\n|switch|p2b: Flutter Mane|Flutter Mane, L50|100\/100\n|turn|3\n|inactive|iwillbuild has 30 seconds left.\n|inactive|iwillbuild has 20 seconds left.\n|inactive|iwillbuild has 15 seconds left.\n|\n|t:|1682594083\n|move|p1a: Talonflame|Flare Blitz|p2b: Flutter Mane\n|-damage|p2b: Flutter Mane|5\/100\n|-damage|p1a: Talonflame|48\/100|[from] Recoil\n|move|p1b: Krookodile|Earthquake|p2b: Flutter Mane|[spread] p2b\n|-immune|p1a: Talonflame\n|-damage|p2b: Flutter Mane|0 fnt\n|faint|p2b: Flutter Mane\n|-end|p2b: Flutter Mane|Protosynthesis|[silent]\n|\n|win|iwillbuild\n|raw|iwillbuild's rating: 1048 → 1089<\/strong> (+41 for winning)\n|raw|MatRod's rating: 1134 → 1103<\/strong> (-31 for losing)\n|l|\u2606MatRod\n","uploadtime":1682594115,"views":13,"p1id":"iwillbuild","p2id":"matrod","formatid":"gen9vgc2023regulationc","rating":1089,"private":0,"password":""}