{"id":"gen9vgc2023regulationc-1846799702","p1":"ExcelSheet","p2":"liliisgrass","format":"[Gen 9] VGC 2023 Regulation C","log":"|j|\u2606ExcelSheet\n|j|\u2606liliisgrass\n|t:|1681881436\n|gametype|doubles\n|player|p1|ExcelSheet|hilbert-wonderlauncher|1117\n|player|p2|liliisgrass|preschooler|1020\n|teamsize|p1|6\n|teamsize|p2|6\n|gen|9\n|tier|[Gen 9] VGC 2023 Regulation C\n|rated|\n|rule|Species Clause: Limit one of each Pok\u00e9mon\n|rule|Item Clause: Limit one of each item\n|clearpoke\n|poke|p1|Palafin, L50, M|\n|poke|p1|Flutter Mane, L50|\n|poke|p1|Arcanine, L50, M|\n|poke|p1|Amoonguss, L50, F|\n|poke|p1|Ting-Lu, L50|\n|poke|p1|Baxcalibur, L50, M|\n|poke|p2|Kricketune, L50, M|\n|poke|p2|Gothitelle, L50, M|\n|poke|p2|Roaring Moon, L50|\n|poke|p2|Chien-Pao, L50|\n|poke|p2|Volcarona, L50, F|\n|poke|p2|Grimmsnarl, L50, M|\n|teampreview|4\n|inactive|Battle timer is ON: inactive players will automatically lose when time's up. (requested by ExcelSheet)\n|inactive|liliisgrass also wants the timer to be on.\nExcelSheet has agreed to open team sheets.\nliliisgrass has agreed to open team sheets.\n|inactive|ExcelSheet has 60 seconds left.\n|inactive|liliisgrass has 60 seconds left.\n|inactive|ExcelSheet has 30 seconds left.\n|\n|t:|1681881505\n|start\n|switch|p1a: Flutter Mane|Flutter Mane, L50, shiny|100\/100\n|switch|p1b: Arcanine|Arcanine, L50, M, shiny|100\/100\n|switch|p2a: Volcarona|Volcarona, L50, F|100\/100\n|switch|p2b: Gothitelle|Gothitelle, L50, M|100\/100\n|-ability|p1b: Arcanine|Intimidate|boost\n|-unboost|p2a: Volcarona|atk|1\n|-unboost|p2b: Gothitelle|atk|1\n|-enditem|p1a: Flutter Mane|Booster Energy\n|-activate|p1a: Flutter Mane|ability: Protosynthesis|[fromitem]\n|-start|p1a: Flutter Mane|protosynthesisspa\n|turn|1\n|inactive|ExcelSheet has 30 seconds left.\n|inactive|liliisgrass has 30 seconds left.\n|inactive|ExcelSheet has 20 seconds left.\n|\n|t:|1681881547\n|switch|p2b: Grimmsnarl|Grimmsnarl, L50, M|100\/100\n|move|p1b: Arcanine|Extreme Speed|p2b: Grimmsnarl\n|-crit|p2b: Grimmsnarl\n|-damage|p2b: Grimmsnarl|60\/100\n|move|p1a: Flutter Mane|Moonblast|p2b: Grimmsnarl\n|-supereffective|p2b: Grimmsnarl\n|-damage|p2b: Grimmsnarl|0 fnt\n|faint|p2b: Grimmsnarl\n|move|p2a: Volcarona|Quiver Dance|p2a: Volcarona\n|-boost|p2a: Volcarona|spa|1\n|-boost|p2a: Volcarona|spd|1\n|-boost|p2a: Volcarona|spe|1\n|\n|upkeep\n|\n|t:|1681881566\n|switch|p2b: Kricketune|Kricketune, L50, M|100\/100\n|turn|2\n|inactive|liliisgrass has 30 seconds left.\n|\n|t:|1681881598\n|move|p2a: Volcarona|Quiver Dance|p2a: Volcarona\n|-boost|p2a: Volcarona|spa|1\n|-boost|p2a: Volcarona|spd|1\n|-boost|p2a: Volcarona|spe|1\n|move|p1a: Flutter Mane|Shadow Ball|p2a: Volcarona\n|-damage|p2a: Volcarona|75\/100\n|move|p1b: Arcanine|Flare Blitz|p2a: Volcarona\n|-damage|p2a: Volcarona|5\/100\n|-damage|p1b: Arcanine|75\/100|[from] Recoil\n|move|p2b: Kricketune|Fury Cutter|p1b: Arcanine|[miss]\n|-miss|p2b: Kricketune|p1b: Arcanine\n|\n|-heal|p2a: Volcarona|11\/100|[from] item: Leftovers\n|upkeep\n|turn|3\n|\n|t:|1681881620\n|move|p1b: Arcanine|Extreme Speed|p2a: Volcarona\n|-damage|p2a: Volcarona|0 fnt\n|faint|p2a: Volcarona\n|move|p1a: Flutter Mane|Dazzling Gleam|p2b: Kricketune\n|-damage|p2b: Kricketune|0 fnt\n|faint|p2b: Kricketune\n|\n|upkeep\n|-message|liliisgrass forfeited.\n|\n|win|ExcelSheet\n|raw|ExcelSheet's rating: 1117 → 1135<\/strong> (+18 for winning)\n|raw|liliisgrass's rating: 1020 → 1011<\/strong> (-9 for losing)\n|l|\u2606liliisgrass\n","uploadtime":1681881632,"views":11,"p1id":"excelsheet","p2id":"liliisgrass","formatid":"gen9vgc2023regulationc","rating":1011,"private":0,"password":""}