{"id":"gen9vgc2023regulationc-1860378451","p1":"KyogreBoii","p2":"iuubhbhvl","format":"[Gen 9] VGC 2023 Regulation C","log":"|j|\u2606KyogreBoii\n|j|\u2606iuubhbhvl\n|t:|1683638842\n|gametype|doubles\n|player|p1|KyogreBoii|crasherwake|1412\n|player|p2|iuubhbhvl|red|1382\n|teamsize|p1|6\n|teamsize|p2|6\n|gen|9\n|tier|[Gen 9] VGC 2023 Regulation C\n|rated|\n|rule|Species Clause: Limit one of each Pok\u00e9mon\n|rule|Item Clause: Limit one of each item\n|clearpoke\n|poke|p1|Lurantis, L50, F|\n|poke|p1|Iron Hands, L50|\n|poke|p1|Flutter Mane, L50|\n|poke|p1|Torkoal, L50, F|\n|poke|p1|Indeedee-F, L50, F|\n|poke|p1|Armarouge, L50, M|\n|poke|p2|Flutter Mane, L50|\n|poke|p2|Great Tusk, L50|\n|poke|p2|Arcanine, L50, M|\n|poke|p2|Torkoal, L50, M|\n|poke|p2|Iron Hands, L50|\n|poke|p2|Amoonguss, L50, M|\n|teampreview|4\n|\n|t:|1683638864\n|start\n|switch|p1a: Armarouge|Armarouge, L50, M|100\/100\n|switch|p1b: Indeedee|Indeedee-F, L50, F|100\/100\n|switch|p2a: Flutter Mane|Flutter Mane, L50|100\/100\n|switch|p2b: Great Tusk|Great Tusk, L50|100\/100\n|-fieldstart|move: Psychic Terrain|[from] ability: Psychic Surge|[of] p1b: Indeedee\n|-enditem|p1b: Indeedee|Psychic Seed\n|-boost|p1b: Indeedee|spd|1|[from] item: Psychic Seed\n|turn|1\n|\n|t:|1683638876\n|-terastallize|p1a: Armarouge|Grass\n|move|p1b: Indeedee|Follow Me|p1b: Indeedee\n|-singleturn|p1b: Indeedee|move: Follow Me\n|move|p2b: Great Tusk|Headlong Rush|p1b: Indeedee\n|-damage|p1b: Indeedee|3\/100\n|-unboost|p2b: Great Tusk|def|1\n|-unboost|p2b: Great Tusk|spd|1\n|move|p1a: Armarouge|Expanding Force|p2b: Great Tusk|[spread] p2a,p2b\n|-supereffective|p2b: Great Tusk\n|-damage|p2a: Flutter Mane|45\/100\n|-enditem|p2b: Great Tusk|Focus Sash\n|-damage|p2b: Great Tusk|1\/100\n|move|p2a: Flutter Mane|Trick Room|p2a: Flutter Mane\n|-fieldstart|move: Trick Room|[of] p2a: Flutter Mane\n|\n|upkeep\n|turn|2\n|inactive|Battle timer is ON: inactive players will automatically lose when time's up. (requested by KyogreBoii)\n|\n|t:|1683638896\n|move|p1b: Indeedee|Follow Me|p1b: Indeedee\n|-singleturn|p1b: Indeedee|move: Follow Me\n|move|p2a: Flutter Mane|Dazzling Gleam|p1b: Indeedee|[spread] p1a,p1b\n|-damage|p1a: Armarouge|69\/100\n|-damage|p1b: Indeedee|0 fnt\n|faint|p1b: Indeedee\n|move|p1a: Armarouge|Expanding Force|p2a: Flutter Mane|[spread] p2a,p2b\n|-supereffective|p2b: Great Tusk\n|-damage|p2a: Flutter Mane|0 fnt\n|-damage|p2b: Great Tusk|0 fnt\n|faint|p2a: Flutter Mane\n|-end|p2a: Flutter Mane|Protosynthesis|[silent]\n|faint|p2b: Great Tusk\n|-end|p2b: Great Tusk|Protosynthesis|[silent]\n|\n|upkeep\n|\n|t:|1683638909\n|switch|p1b: Torkoal|Torkoal, L50, F|100\/100\n|switch|p2a: Iron Hands|Iron Hands, L50|100\/100\n|switch|p2b: Arcanine|Arcanine, L50, M|100\/100\n|-weather|SunnyDay|[from] ability: Drought|[of] p1b: Torkoal\n|-ability|p2b: Arcanine|Intimidate|boost\n|-unboost|p1a: Armarouge|atk|1\n|-unboost|p1b: Torkoal|atk|1\n|turn|3\n|\n|t:|1683638922\n|move|p2a: Iron Hands|Fake Out|p1b: Torkoal\n|-activate|p1b: Torkoal|move: Psychic Terrain\n|move|p1b: Torkoal|Eruption|p2a: Iron Hands|[spread] p2a,p2b\n|-resisted|p2b: Arcanine\n|-crit|p2b: Arcanine\n|-damage|p2a: Iron Hands|66\/100\n|-damage|p2b: Arcanine|46\/100\n|move|p1a: Armarouge|Expanding Force|p2b: Arcanine|[spread] p2a,p2b\n|-supereffective|p2a: Iron Hands\n|-damage|p2a: Iron Hands|12\/100\n|-damage|p2b: Arcanine|0 fnt\n|faint|p2b: Arcanine\n|\n|-weather|SunnyDay|[upkeep]\n|upkeep\n|turn|4\n|-message|iuubhbhvl forfeited.\n|\n|win|KyogreBoii\n|raw|KyogreBoii's rating: 1412 → 1430<\/strong> (+18 for winning)\n|raw|iuubhbhvl's rating: 1382 → 1364<\/strong> (-18 for losing)\n|l|\u2606iuubhbhvl\n","uploadtime":1683638941,"views":6,"p1id":"kyogreboii","p2id":"iuubhbhvl","formatid":"gen9vgc2023regulationc","rating":1364,"private":0,"password":""}