{"id":"gen9vgc2023regulationc-1844826943","p1":"RedTeoVGC","p2":"RobinCars","format":"[Gen 9] VGC 2023 Regulation C","log":"|j|\u2606RedTeoVGC\n|j|\u2606RobinCars\n|t:|1681653395\n|gametype|doubles\n|player|p1|RedTeoVGC|fisherman-gen4|1190\n|player|p2|RobinCars|2|1258\n|teamsize|p1|6\n|teamsize|p2|6\n|gen|9\n|tier|[Gen 9] VGC 2023 Regulation C\n|rated|\n|rule|Species Clause: Limit one of each Pok\u00e9mon\n|rule|Item Clause: Limit one of each item\n|clearpoke\n|poke|p1|Flutter Mane, L50|\n|poke|p1|Amoonguss, L50, M|\n|poke|p1|Arcanine, L50, F|\n|poke|p1|Palafin, L50, F|\n|poke|p1|Chien-Pao, L50|\n|poke|p1|Dragapult, L50, F|\n|poke|p2|Tinkaton, L50, F|\n|poke|p2|Flutter Mane, L50|\n|poke|p2|Kingambit, L50, F|\n|poke|p2|Chi-Yu, L50|\n|poke|p2|Gyarados, L50, F|\n|poke|p2|Tyranitar, L50, M|\n|teampreview|4\n|inactive|Battle timer is ON: inactive players will automatically lose when time's up. (requested by RedTeoVGC)\n|inactive|RedTeoVGC has 60 seconds left.\n|inactive|RobinCars has 60 seconds left.\n|inactive|RedTeoVGC has 30 seconds left.\n|inactive|RedTeoVGC has 20 seconds left.\n|\n|t:|1681653467\n|start\n|switch|p1a: Chien-Pao|Chien-Pao, L50|100\/100\n|switch|p1b: Dragapult|Dragapult, L50, F|100\/100\n|switch|p2a: Tinkaton|Tinkaton, L50, F|100\/100\n|switch|p2b: Chi-Yu|Chi-Yu, L50|100\/100\n|-ability|p1a: Chien-Pao|Sword of Ruin\n|-ability|p2b: Chi-Yu|Beads of Ruin\n|-ability|p2a: Tinkaton|Mold Breaker\n|turn|1\n|\n|t:|1681653485\n|move|p1a: Chien-Pao|Protect|p1a: Chien-Pao\n|-singleturn|p1a: Chien-Pao|Protect\n|move|p2a: Tinkaton|Fake Out|p1a: Chien-Pao\n|-activate|p1a: Chien-Pao|move: Protect\n|move|p1b: Dragapult|Dragon Darts|p2b: Chi-Yu\n|-damage|p2b: Chi-Yu|13\/100\n|-anim|p1b: Dragapult|Dragon Darts|p2b: Chi-Yu\n|-damage|p2b: Chi-Yu|0 fnt\n|faint|p2b: Chi-Yu\n|\n|upkeep\n|\n|t:|1681653496\n|switch|p2b: Flutter Mane|Flutter Mane, L50|100\/100\n|turn|2\n|inactive|RedTeoVGC has 30 seconds left.\n|inactive|RedTeoVGC has 20 seconds left.\n|inactive|RedTeoVGC has 15 seconds left.\n|\n|t:|1681653541\n|switch|p1b: Amoonguss|Amoonguss, L50, M|100\/100\n|-terastallize|p1a: Chien-Pao|Ghost\n|-terastallize|p2b: Flutter Mane|Grass\n|move|p2a: Tinkaton|Feint|p1a: Chien-Pao\n|-immune|p1a: Chien-Pao\n|move|p2b: Flutter Mane|Dazzling Gleam|p1b: Amoonguss|[spread] p1a,p1b\n|-resisted|p1b: Amoonguss\n|-damage|p1a: Chien-Pao|20\/100\n|-damage|p1b: Amoonguss|83\/100\n|move|p1a: Chien-Pao|Ice Spinner|p2b: Flutter Mane\n|-supereffective|p2b: Flutter Mane\n|-damage|p2b: Flutter Mane|0 fnt\n|faint|p2b: Flutter Mane\n|-end|p2b: Flutter Mane|Protosynthesis|[silent]\n|\n|upkeep\n|-message|RobinCars forfeited.\n|\n|win|RedTeoVGC\n|raw|RedTeoVGC's rating: 1190 → 1220<\/strong> (+30 for winning)\n|raw|RobinCars's rating: 1258 → 1228<\/strong> (-30 for losing)\n|l|\u2606RobinCars\n","uploadtime":1681653570,"views":12,"p1id":"redteovgc","p2id":"robincars","formatid":"gen9vgc2023regulationc","rating":1220,"private":0,"password":""}