{"id":"gen9vgc2023regulationc-1852242189","p1":"WoJiaoReaction","p2":"SWITHEROOO 2","format":"[Gen 9] VGC 2023 Regulation C","log":"|j|\u2606WoJiaoReaction\n|j|\u2606SWITHEROOO 2\n|t:|1682535976\n|gametype|doubles\n|player|p1|WoJiaoReaction|firebreather|1154\n|player|p2|SWITHEROOO 2|iris-gen5bw2|1078\n|teamsize|p1|6\n|teamsize|p2|6\n|gen|9\n|tier|[Gen 9] VGC 2023 Regulation C\n|rated|\n|rule|Species Clause: Limit one of each Pok\u00e9mon\n|rule|Item Clause: Limit one of each item\n|clearpoke\n|poke|p1|Skeledirge, L50, F|\n|poke|p1|Wo-Chien, L50|\n|poke|p1|Flutter Mane, L50|\n|poke|p1|Dragonite, L50, M|\n|poke|p1|Glimmora, L50, F|\n|poke|p1|Palafin, L50, F|\n|poke|p2|Lilligant, L50, F|\n|poke|p2|Torkoal, L50, F|\n|poke|p2|Flutter Mane, L50|\n|poke|p2|Kingambit, L50, F|\n|poke|p2|Dragonite, L50, F|\n|poke|p2|Great Tusk, L50|\n|teampreview|4\n|inactive|Battle timer is ON: inactive players will automatically lose when time's up. (requested by SWITHEROOO 2)\nSWITHEROOO 2 rejected open team sheets.\n|inactive|WoJiaoReaction has 60 seconds left.\n|\n|t:|1682536013\n|start\n|switch|p1a: Glimmora|Glimmora, L50, F|100\/100\n|switch|p1b: Palafin|Palafin, L50, F|100\/100\n|switch|p2a: TT|Lilligant, L50, F, shiny|100\/100\n|switch|p2b: Breakthrough|Torkoal, L50, F, shiny|100\/100\n|-weather|SunnyDay|[from] ability: Drought|[of] p2b: Breakthrough\n|turn|1\n|\n|t:|1682536032\n|-terastallize|p1a: Glimmora|Grass\n|move|p1b: Palafin|Protect|p1b: Palafin\n|-singleturn|p1b: Palafin|Protect\n|move|p2a: TT|Leaf Storm|p1b: Palafin\n|-activate|p1b: Palafin|move: Protect\n|move|p1a: Glimmora|Mortal Spin|p2b: Breakthrough|[spread] p2a,p2b\n|-supereffective|p2a: TT\n|-damage|p2a: TT|87\/100\n|-damage|p2b: Breakthrough|97\/100\n|-status|p2a: TT|psn\n|-status|p2b: Breakthrough|psn\n|move|p2b: Breakthrough|Earth Power|p1a: Glimmora\n|-resisted|p1a: Glimmora\n|-damage|p1a: Glimmora|84\/100\n|\n|-weather|SunnyDay|[upkeep]\n|-damage|p2a: TT|74\/100 psn|[from] psn\n|-damage|p2b: Breakthrough|85\/100 psn|[from] psn\n|upkeep\n|turn|2\n|inactive|WoJiaoReaction has 30 seconds left.\n|\n|t:|1682536059\n|detailschange|p1b: Palafin|Palafin-Hero, L50, F\n|switch|p1b: Dragonite|Dragonite, L50, M|100\/100\n|move|p1a: Glimmora|Spiky Shield|p1a: Glimmora\n|-singleturn|p1a: Glimmora|move: Protect\n|move|p2a: TT|Sleep Powder|p1b: Dragonite\n|-status|p1b: Dragonite|slp|[from] move: Sleep Powder\n|move|p2b: Breakthrough|Flamethrower|p1a: Glimmora\n|-activate|p1a: Glimmora|move: Protect\n|\n|-weather|SunnyDay|[upkeep]\n|-damage|p2a: TT|62\/100 psn|[from] psn\n|-damage|p2b: Breakthrough|72\/100 psn|[from] psn\n|upkeep\n|turn|3\n|inactive|WoJiaoReaction has 30 seconds left.\n|\n|t:|1682536087\n|switch|p1a: Palafin|Palafin-Hero, L50, F|100\/100\n|-activate|p1a: Palafin|ability: Zero to Hero\n|cant|p1b: Dragonite|slp\n|move|p2a: TT|After You|p2b: Breakthrough\n|-activate|p2b: Breakthrough|move: After You\n|move|p2b: Breakthrough|Eruption|p1a: Palafin|[spread] p1a,p1b\n|-resisted|p1a: Palafin\n|-resisted|p1b: Dragonite\n|-damage|p1a: Palafin|76\/100\n|-damage|p1b: Dragonite|91\/100 slp\n|\n|-weather|SunnyDay|[upkeep]\n|-damage|p2a: TT|50\/100 psn|[from] psn\n|-damage|p2b: Breakthrough|60\/100 psn|[from] psn\n|upkeep\n|turn|4\n|\n|t:|1682536109\n|move|p1a: Palafin|Protect|p1a: Palafin\n|-singleturn|p1a: Palafin|Protect\n|-curestatus|p1b: Dragonite|slp|[msg]\n|move|p1b: Dragonite|Extreme Speed|p2a: TT\n|-damage|p2a: TT|7\/100 psn\n|move|p2a: TT|Leaf Storm|p1a: Palafin\n|-activate|p1a: Palafin|move: Protect\n|move|p2b: Breakthrough|Earth Power|p1a: Palafin\n|-activate|p1a: Palafin|move: Protect\n|\n|-weather|SunnyDay|[upkeep]\n|-damage|p2a: TT|0 fnt|[from] psn\n|faint|p2a: TT\n|-damage|p2b: Breakthrough|47\/100 psn|[from] psn\n|upkeep\n|-message|SWITHEROOO 2 forfeited.\n|\n|win|WoJiaoReaction\n|raw|WoJiaoReaction's rating: 1154 → 1174<\/strong> (+20 for winning)\n|raw|SWITHEROOO 2's rating: 1078 → 1061<\/strong> (-17 for losing)\n|l|\u2606SWITHEROOO 2\n","uploadtime":1682536129,"views":8,"p1id":"wojiaoreaction","p2id":"switherooo2","formatid":"gen9vgc2023regulationc","rating":1061,"private":0,"password":""}