{"id":"gen9vgc2023regulationc-1855651889","p1":"RealTomatoSoup","p2":"pnutbutrsemicolon","format":"[Gen 9] VGC 2023 Regulation C","log":"|j|\u2606RealTomatoSoup\n|j|\u2606pnutbutrsemicolon\n|t:|1682969974\n|gametype|doubles\n|player|p1|RealTomatoSoup|drayden|1120\n|player|p2|pnutbutrsemicolon|iris|1036\n|teamsize|p1|6\n|teamsize|p2|6\n|gen|9\n|tier|[Gen 9] VGC 2023 Regulation C\n|rated|\n|rule|Species Clause: Limit one of each Pok\u00e9mon\n|rule|Item Clause: Limit one of each item\n|clearpoke\n|poke|p1|Slither Wing, L50|\n|poke|p1|Flutter Mane, L50|\n|poke|p1|Palafin, L50, M|\n|poke|p1|Amoonguss, L50, M|\n|poke|p1|Arcanine, L50, M|\n|poke|p1|Annihilape, L50, M|\n|poke|p2|Scream Tail, L50|\n|poke|p2|Iron Hands, L50|\n|poke|p2|Arcanine, L50, M|\n|poke|p2|Amoonguss, L50, M|\n|poke|p2|Hydreigon, L50, M|\n|poke|p2|Pawmot, L50, F|\n|teampreview|4\n|inactive|Battle timer is ON: inactive players will automatically lose when time's up. (requested by RealTomatoSoup)\nRealTomatoSoup has agreed to open team sheets.\n|\n|t:|1682969992\n|start\n|switch|p1a: Slither Wing|Slither Wing, L50|100\/100\n|switch|p1b: Annihilape|Annihilape, L50, M|100\/100\n|switch|p2a: Scream Tail|Scream Tail, L50|100\/100\n|switch|p2b: Arcanine|Arcanine, L50, M|100\/100\n|-ability|p2b: Arcanine|Intimidate|boost\n|-unboost|p1a: Slither Wing|atk|1\n|-unboost|p1b: Annihilape|atk|1\n|-ability|p1b: Annihilape|Defiant|boost\n|-boost|p1b: Annihilape|atk|2\n|turn|1\n|\n|t:|1682970010\n|move|p1a: Slither Wing|First Impression|p2a: Scream Tail\n|-damage|p2a: Scream Tail|69\/100\n|move|p2a: Scream Tail|Reflect|p2a: Scream Tail\n|-sidestart|p2: pnutbutrsemicolon|Reflect\n|move|p2b: Arcanine|Will-O-Wisp|p1b: Annihilape\n|-status|p1b: Annihilape|brn\n|move|p1b: Annihilape|Bulk Up|p1b: Annihilape\n|-boost|p1b: Annihilape|atk|1\n|-boost|p1b: Annihilape|def|1\n|\n|-heal|p2a: Scream Tail|75\/100|[from] item: Leftovers\n|-damage|p1b: Annihilape|94\/100 brn|[from] brn\n|upkeep\n|turn|2\n|inactive|pnutbutrsemicolon has 30 seconds left.\n|\n|t:|1682970041\n|move|p2a: Scream Tail|Encore|p1b: Annihilape\n|-start|p1b: Annihilape|Encore\n|move|p2b: Arcanine|Flare Blitz|p1b: Annihilape\n|-crit|p1b: Annihilape\n|-damage|p1b: Annihilape|35\/100 brn\n|-damage|p2b: Arcanine|79\/100|[from] Recoil\n|move|p1b: Annihilape|Bulk Up|p1b: Annihilape\n|-boost|p1b: Annihilape|atk|1\n|-boost|p1b: Annihilape|def|1\n|move|p1a: Slither Wing|Leech Life|p2a: Scream Tail\n|-damage|p2a: Scream Tail|58\/100\n|\n|-heal|p2a: Scream Tail|64\/100|[from] item: Leftovers\n|-heal|p1b: Annihilape|41\/100 brn|[from] item: Leftovers\n|-damage|p1b: Annihilape|35\/100 brn|[from] brn\n|upkeep\n|turn|3\n|-message|RealTomatoSoup forfeited.\n|\n|win|pnutbutrsemicolon\n|raw|RealTomatoSoup's rating: 1120 → 1089<\/strong> (-31 for losing)\n|raw|pnutbutrsemicolon's rating: 1036 → 1079<\/strong> (+43 for winning)\n|l|\u2606RealTomatoSoup\n","uploadtime":1682970062,"views":15,"p1id":"realtomatosoup","p2id":"pnutbutrsemicolon","formatid":"gen9vgc2023regulationc","rating":1079,"private":0,"password":""}