{"id":"gen9vgc2023regulationc-1851779507","p1":"billpriv","p2":"Vikx_VGC","format":"[Gen 9] VGC 2023 Regulation C","log":"|j|\u2606billpriv\n|j|\u2606Vikx_VGC\n|t:|1682482341\n|gametype|doubles\n|player|p1|billpriv|169|1009\n|player|p2|Vikx_VGC|n|1084\n|teamsize|p1|4\n|teamsize|p2|6\n|gen|9\n|tier|[Gen 9] VGC 2023 Regulation C\n|rated|\n|rule|Species Clause: Limit one of each Pok\u00e9mon\n|rule|Item Clause: Limit one of each item\n|clearpoke\n|poke|p1|Ceruledge, L50, M|\n|poke|p1|Garganacl, L50, M|\n|poke|p1|Drifblim, L50, F|\n|poke|p1|Revavroom, L50, F|\n|poke|p2|Gyarados, L50, F|\n|poke|p2|Amoonguss, L50, F|\n|poke|p2|Iron Hands, L50|\n|poke|p2|Mimikyu, L50, M|\n|poke|p2|Flutter Mane, L50|\n|poke|p2|Murkrow, L50, M|\n|teampreview|4\n|inactive|Battle timer is ON: inactive players will automatically lose when time's up. (requested by Vikx_VGC)\nbillpriv rejected open team sheets.\n|inactive|billpriv also wants the timer to be on.\n|inactive|Vikx_VGC has 60 seconds left.\n|\n|t:|1682482395\n|start\n|switch|p1a: Ceruledge|Ceruledge, L50, M|100\/100\n|switch|p1b: Garganacl|Garganacl, L50, M|100\/100\n|switch|p2a: Kylon|Gyarados, L50, F, shiny|100\/100\n|switch|p2b: Baek James|Murkrow, L50, M, shiny|100\/100\n|-ability|p2a: Kylon|Intimidate|boost\n|-unboost|p1a: Ceruledge|atk|1\n|-fail|p1b: Garganacl|unboost|[from] ability: Clear Body|[of] p1b: Garganacl\n|turn|1\n|inactive|Vikx_VGC has 30 seconds left.\n|\n|t:|1682482421\n|switch|p2a: Tang Justin|Flutter Mane, L50, shiny|100\/100\n|-terastallize|p1b: Garganacl|Normal\n|move|p1a: Ceruledge|Helping Hand|p1b: Garganacl\n|-singleturn|p1b: Garganacl|Helping Hand|[of] p1a: Ceruledge\n|move|p2b: Baek James|Taunt|p1a: Ceruledge\n|-start|p1a: Ceruledge|move: Taunt\n|move|p1b: Garganacl|Explosion|p2b: Baek James|[spread] p2b\n|-immune|p1a: Ceruledge\n|-immune|p2a: Tang Justin\n|-damage|p2b: Baek James|0 fnt\n|faint|p1b: Garganacl\n|faint|p2b: Baek James\n|\n|upkeep\n|\n|t:|1682482437\n|switch|p2b: Kylon|Gyarados, L50, F, shiny|100\/100\n|switch|p1b: Revavroom|Revavroom, L50, F, shiny|100\/100\n|-ability|p2b: Kylon|Intimidate|boost\n|-unboost|p1a: Ceruledge|atk|1\n|-unboost|p1b: Revavroom|atk|1\n|turn|2\n|\n|t:|1682482459\n|switch|p2b: Patel Neil|Mimikyu, L50, M, shiny|100\/100\n|move|p2a: Tang Justin|Power Gem|p1a: Ceruledge\n|-supereffective|p1a: Ceruledge\n|-damage|p1a: Ceruledge|10\/100\n|move|p1a: Ceruledge|Shadow Claw|p2a: Tang Justin\n|-supereffective|p2a: Tang Justin\n|-damage|p2a: Tang Justin|46\/100\n|move|p1b: Revavroom|Self-Destruct|p2b: Patel Neil|[spread] \n|-immune|p1a: Ceruledge\n|-immune|p2a: Tang Justin\n|-immune|p2b: Patel Neil\n|faint|p1b: Revavroom\n|\n|upkeep\n|\n|t:|1682482466\n|switch|p1b: Drifblim|Drifblim, L50, F|100\/100\n|turn|3\n|\n|t:|1682482487\n|-terastallize|p2a: Tang Justin|Steel\n|move|p2b: Patel Neil|Shadow Sneak|p1a: Ceruledge\n|-supereffective|p1a: Ceruledge\n|-damage|p1a: Ceruledge|0 fnt\n|faint|p1a: Ceruledge\n|move|p2a: Tang Justin|Power Gem|p1b: Drifblim\n|-supereffective|p1b: Drifblim\n|-damage|p1b: Drifblim|0 fnt\n|faint|p1b: Drifblim\n|\n|win|Vikx_VGC\n|raw|billpriv's rating: 1009 → 1000<\/strong> (-9 for losing)\n|raw|Vikx_VGC's rating: 1084 → 1106<\/strong> (+22 for winning)\n","uploadtime":1682482491,"views":12,"p1id":"billpriv","p2id":"vikxvgc","formatid":"gen9vgc2023regulationc","rating":1000,"private":0,"password":""}