{"id":"gen9vgc2023regulationc-1859868602","p1":"bgcfranky","p2":"vivixification","format":"[Gen 9] VGC 2023 Regulation C","log":"|j|\u2606bgcfranky\n|j|\u2606vivixification\n|t:|1683571284\n|gametype|doubles\n|player|p1|bgcfranky|rocketgrunt|1238\n|player|p2|vivixification|backersf|1322\n|teamsize|p1|6\n|teamsize|p2|6\n|gen|9\n|tier|[Gen 9] VGC 2023 Regulation C\n|rated|\n|rule|Species Clause: Limit one of each Pok\u00e9mon\n|rule|Item Clause: Limit one of each item\n|clearpoke\n|poke|p1|Volcarona, L50, M|\n|poke|p1|Wo-Chien, L50|\n|poke|p1|Grimmsnarl, L50, M|\n|poke|p1|Iron Hands, L50|\n|poke|p1|Slowking, L50, M|\n|poke|p1|Salamence, L50, F|\n|poke|p2|Chien-Pao, L50|\n|poke|p2|Great Tusk, L50|\n|poke|p2|Torkoal, L50, F|\n|poke|p2|Flutter Mane, L50|\n|poke|p2|Kingambit, L50, F|\n|poke|p2|Corviknight, L50, M|\n|teampreview|4\n|inactive|Battle timer is ON: inactive players will automatically lose when time's up. (requested by vivixification)\nvivixification has agreed to open team sheets.\n|inactive|bgcfranky has 60 seconds left.\n|inactive|vivixification has 60 seconds left.\n|inactive|bgcfranky has 30 seconds left.\n|\n|t:|1683571347\n|start\n|switch|p1a: Slowking|Slowking, L50, M|100\/100\n|switch|p1b: Grimmsnarl|Grimmsnarl, L50, M, shiny|100\/100\n|switch|p2a: Torkoal|Torkoal, L50, F, shiny|100\/100\n|switch|p2b: Flutter Mane|Flutter Mane, L50|100\/100\n|-weather|SunnyDay|[from] ability: Drought|[of] p2a: Torkoal\n|-activate|p2b: Flutter Mane|ability: Protosynthesis\n|-start|p2b: Flutter Mane|protosynthesisspa\n|turn|1\n|inactive|bgcfranky has 30 seconds left.\n|inactive|bgcfranky has 20 seconds left.\n|inactive|bgcfranky has 15 seconds left.\n|inactive|bgcfranky has 10 seconds left.\n|\n|t:|1683571393\n|-terastallize|p2b: Flutter Mane|Fairy\n|-terastallize|p1a: Slowking|Water\n|move|p2a: Torkoal|Protect|p2a: Torkoal\n|-singleturn|p2a: Torkoal|Protect\n|move|p1b: Grimmsnarl|Fake Out|p2a: Torkoal\n|-activate|p2a: Torkoal|move: Protect\n|move|p2b: Flutter Mane|Dazzling Gleam|p1b: Grimmsnarl|[spread] p1a,p1b\n|-supereffective|p1b: Grimmsnarl\n|-damage|p1a: Slowking|44\/100\n|-damage|p1b: Grimmsnarl|0 fnt\n|faint|p1b: Grimmsnarl\n|move|p1a: Slowking|Hydro Pump|p2b: Flutter Mane\n|-damage|p2b: Flutter Mane|68\/100\n|\n|-weather|SunnyDay|[upkeep]\n|upkeep\n|\n|t:|1683571408\n|switch|p1b: Iron Hands|Iron Hands, L50|100\/100\n|turn|2\n|\n|t:|1683571425\n|move|p2b: Flutter Mane|Dazzling Gleam|p1b: Iron Hands|[spread] p1a,p1b\n|-supereffective|p1b: Iron Hands\n|-damage|p1a: Slowking|0 fnt\n|-damage|p1b: Iron Hands|0 fnt\n|faint|p1a: Slowking\n|faint|p1b: Iron Hands\n|-end|p1b: Iron Hands|Quark Drive|[silent]\n|move|p2a: Torkoal|Overheat|p1: Slowking|[notarget]\n|-fail|p2a: Torkoal\n|\n|-weather|SunnyDay|[upkeep]\n|upkeep\n|\n|t:|1683571439\n|switch|p1a: Wo-Chien|Wo-Chien, L50|100\/100\n|-ability|p1a: Wo-Chien|Tablets of Ruin\n|turn|3\n|\n|t:|1683571447\n|move|p2b: Flutter Mane|Dazzling Gleam|p1a: Wo-Chien\n|-supereffective|p1a: Wo-Chien\n|-damage|p1a: Wo-Chien|0 fnt\n|faint|p1a: Wo-Chien\n|\n|win|vivixification\n|raw|bgcfranky's rating: 1238 → 1219<\/strong> (-19 for losing)\n|raw|vivixification's rating: 1322 → 1337<\/strong> (+15 for winning)\n|l|\u2606vivixification\n","uploadtime":1683571453,"views":8,"p1id":"bgcfranky","p2id":"vivixification","formatid":"gen9vgc2023regulationc","rating":1219,"private":0,"password":""}