{"id":"gen9vgc2023regulationc-1861156240","p1":"raelu","p2":"dgdvd","format":"[Gen 9] VGC 2023 Regulation C","log":"|j|\u2606raelu\n|j|\u2606dgdvd\n|t:|1683731505\n|gametype|doubles\n|player|p1|raelu|riley|1029\n|player|p2|dgdvd|265|1043\n|teamsize|p1|6\n|teamsize|p2|6\n|gen|9\n|tier|[Gen 9] VGC 2023 Regulation C\n|rated|\n|rule|Species Clause: Limit one of each Pok\u00e9mon\n|rule|Item Clause: Limit one of each item\n|clearpoke\n|poke|p1|Pelipper, L50, F|\n|poke|p1|Palafin, L50, M|\n|poke|p1|Iron Bundle, L50|\n|poke|p1|Amoonguss, L50, M|\n|poke|p1|Chi-Yu, L50|\n|poke|p1|Kilowattrel, L50, M|\n|poke|p2|Palafin, L50, M|\n|poke|p2|Chi-Yu, L50|\n|poke|p2|Flutter Mane, L50|\n|poke|p2|Farigiraf, L50, M|\n|poke|p2|Amoonguss, L50, M|\n|poke|p2|Talonflame, L50, F|\n|teampreview|4\n|inactive|Battle timer is ON: inactive players will automatically lose when time's up. (requested by raelu)\n|inactive|raelu has 60 seconds left.\n|\n|t:|1683731543\n|start\n|switch|p1a: Pelipper|Pelipper, L50, F|100\/100\n|switch|p1b: Palafin|Palafin, L50, M|100\/100\n|switch|p2a: Farigiraf|Farigiraf, L50, M|100\/100\n|switch|p2b: Talonflame|Talonflame, L50, F|100\/100\n|-weather|RainDance|[from] ability: Drizzle|[of] p1a: Pelipper\n|turn|1\n|\n|t:|1683731561\n|-terastallize|p2a: Farigiraf|Normal\n|move|p1b: Palafin|Protect|p1b: Palafin\n|-singleturn|p1b: Palafin|Protect\n|move|p2b: Talonflame|Tailwind|p2b: Talonflame\n|-sidestart|p2: dgdvd|move: Tailwind\n|move|p2a: Farigiraf|Hyper Voice|p1b: Palafin|[spread] p1a\n|-activate|p1b: Palafin|move: Protect\n|-damage|p1a: Pelipper|9\/100\n|move|p1a: Pelipper|Tailwind|p1a: Pelipper\n|-sidestart|p1: raelu|move: Tailwind\n|\n|-weather|RainDance|[upkeep]\n|upkeep\n|turn|2\n|inactive|raelu has 30 seconds left.\n|inactive|raelu has 20 seconds left.\n|inactive|raelu has 15 seconds left.\n|\n|t:|1683731604\n|-terastallize|p1a: Pelipper|Ghost\n|move|p2b: Talonflame|Brave Bird|p1a: Pelipper\n|-damage|p1a: Pelipper|0 fnt\n|faint|p1a: Pelipper\n|-damage|p2b: Talonflame|98\/100|[from] Recoil\n|move|p1b: Palafin|Jet Punch||[still]\n|cant|p2a: Farigiraf|ability: Armor Tail|Jet Punch|[of] p1b: Palafin\n|move|p2a: Farigiraf|Hyper Voice|p1b: Palafin\n|-damage|p1b: Palafin|0 fnt\n|faint|p1b: Palafin\n|\n|-weather|RainDance|[upkeep]\n|upkeep\n|-message|raelu forfeited.\n|\n|win|dgdvd\n|raw|raelu's rating: 1029 → 1015<\/strong> (-14 for losing)\n|raw|dgdvd's rating: 1043 → 1075<\/strong> (+32 for winning)\n|l|\u2606raelu\n","uploadtime":1683731841,"views":11,"p1id":"raelu","p2id":"dgdvd","formatid":"gen9vgc2023regulationc","rating":1015,"private":0,"password":""}