{"id":"gen9vgc2023regulationc-1846970564","p1":"nik993","p2":"Apithy","format":"[Gen 9] VGC 2023 Regulation C","log":"|j|\u2606nik993\n|j|\u2606Apithy\n|t:|1681907468\n|gametype|doubles\n|player|p1|nik993|102|1398\n|player|p2|Apithy|266|1340\n|teamsize|p1|6\n|teamsize|p2|6\n|gen|9\n|tier|[Gen 9] VGC 2023 Regulation C\n|rated|\n|rule|Species Clause: Limit one of each Pok\u00e9mon\n|rule|Item Clause: Limit one of each item\n|clearpoke\n|poke|p1|Palafin, L50, F|\n|poke|p1|Iron Hands, L50|\n|poke|p1|Amoonguss, L50, M|\n|poke|p1|Arcanine, L50, M|\n|poke|p1|Chien-Pao, L50|\n|poke|p1|Dragonite, L50, M|\n|poke|p2|Volcarona, L50, M|\n|poke|p2|Flutter Mane, L50|\n|poke|p2|Palafin, L50, F|\n|poke|p2|Wo-Chien, L50|\n|poke|p2|Glimmora, L50, F|\n|poke|p2|Annihilape, L50, M|\n|teampreview|4\n|inactive|Battle timer is ON: inactive players will automatically lose when time's up. (requested by nik993)\n|\n|t:|1681907510\n|start\n|switch|p1a: Iron Hands|Iron Hands, L50|100\/100\n|switch|p1b: Dragonite|Dragonite, L50, M|100\/100\n|switch|p2a: Glimmora|Glimmora, L50, F|100\/100\n|switch|p2b: Annihilape|Annihilape, L50, M|100\/100\n|turn|1\n|inactive|Apithy has 30 seconds left.\n|\n|t:|1681907543\n|move|p1a: Iron Hands|Fake Out|p2a: Glimmora\n|-resisted|p2a: Glimmora\n|-damage|p2a: Glimmora|93\/100\n|-activate|p2a: Glimmora|ability: Toxic Debris\n|-sidestart|p1: nik993|move: Toxic Spikes\n|move|p2b: Annihilape|U-turn|p1b: Dragonite\n|-resisted|p1b: Dragonite\n|-damage|p1b: Dragonite|91\/100\n|\n|t:|1681907560\n|switch|p2b: Flutter Mane|Flutter Mane, L50|100\/100|[from] U-turn\n|move|p1b: Dragonite|Stomping Tantrum|p2a: Glimmora\n|-supereffective|p2a: Glimmora\n|-damage|p2a: Glimmora|0 fnt\n|-activate|p2a: Glimmora|ability: Toxic Debris\n|-sidestart|p1: nik993|move: Toxic Spikes\n|faint|p2a: Glimmora\n|\n|upkeep\n|\n|t:|1681907570\n|switch|p2a: Annihilape|Annihilape, L50, M|100\/100\n|turn|2\n|\n|t:|1681907593\n|switch|p1b: Amoonguss|Amoonguss, L50, M|100\/100\n|-sideend|p1: nik993|move: Toxic Spikes|[of] p1b: Amoonguss\n|-terastallize|p1a: Iron Hands|Fire\n|move|p2a: Annihilape|Final Gambit|p1b: Amoonguss\n|-damage|p1b: Amoonguss|1\/100\n|faint|p2a: Annihilape\n|move|p2b: Flutter Mane|Moonblast|p1a: Iron Hands\n|-resisted|p1a: Iron Hands\n|-damage|p1a: Iron Hands|81\/100\n|-unboost|p1a: Iron Hands|spa|1\n|move|p1a: Iron Hands|Heavy Slam|p2b: Flutter Mane\n|-supereffective|p2b: Flutter Mane\n|-damage|p2b: Flutter Mane|0 fnt\n|faint|p2b: Flutter Mane\n|-end|p2b: Flutter Mane|Protosynthesis|[silent]\n|\n|upkeep\n|\n|t:|1681907600\n|switch|p2a: Volcarona|Volcarona, L50, M|100\/100\n|turn|3\n|-message|Apithy forfeited.\n|\n|win|nik993\n|raw|nik993's rating: 1398 → 1415<\/strong> (+17 for winning)\n|raw|Apithy's rating: 1340 → 1323<\/strong> (-17 for losing)\n|l|\u2606Apithy\n","uploadtime":1681907613,"views":7,"p1id":"nik993","p2id":"apithy","formatid":"gen9vgc2023regulationc","rating":1323,"private":0,"password":""}