{"id":"gen9vgc2023regulationc-1847158103","p1":"Can'tStopFalling","p2":"Lussokidogi","format":"[Gen 9] VGC 2023 Regulation C","log":"|j|\u2606Can'tStopFalling\n|j|\u2606Lussokidogi\n|t:|1681923830\n|gametype|doubles\n|player|p1|Can'tStopFalling|clair|1402\n|player|p2|Lussokidogi|miriam|1387\n|teamsize|p1|6\n|teamsize|p2|6\n|gen|9\n|tier|[Gen 9] VGC 2023 Regulation C\n|rated|\n|rule|Species Clause: Limit one of each Pok\u00e9mon\n|rule|Item Clause: Limit one of each item\n|clearpoke\n|poke|p1|Palafin, L50, M|\n|poke|p1|Amoonguss, L50, M|\n|poke|p1|Arcanine, L50, M|\n|poke|p1|Flutter Mane, L50|\n|poke|p1|Stonjourner, L50, M|\n|poke|p1|Farigiraf, L50, F|\n|poke|p2|Baxcalibur, L50, M|\n|poke|p2|Chi-Yu, L50|\n|poke|p2|Flutter Mane, L50|\n|poke|p2|Ting-Lu, L50|\n|poke|p2|Amoonguss, L50, M|\n|poke|p2|Gyarados, L50, M|\n|teampreview|4\n|\n|t:|1681923871\n|start\n|switch|p1a: Papaya|Stonjourner, L50, M|100\/100\n|switch|p1b: Passionfruit|Flutter Mane, L50|100\/100\n|switch|p2a: O'Pesc|Chi-Yu, L50|100\/100\n|switch|p2b: Samara|Flutter Mane, L50|100\/100\n|-ability|p2a: O'Pesc|Beads of Ruin\n|-enditem|p2b: Samara|Booster Energy\n|-activate|p2b: Samara|ability: Protosynthesis|[fromitem]\n|-start|p2b: Samara|protosynthesisspe\n|-enditem|p1b: Passionfruit|Booster Energy\n|-activate|p1b: Passionfruit|ability: Protosynthesis|[fromitem]\n|-start|p1b: Passionfruit|protosynthesisspa\n|turn|1\n|\n|t:|1681923894\n|-terastallize|p2b: Samara|Water\n|-terastallize|p1b: Passionfruit|Fairy\n|move|p2b: Samara|Dazzling Gleam|p1a: Papaya|[spread] p1a,p1b\n|-enditem|p1a: Papaya|Focus Sash\n|-damage|p1a: Papaya|1\/100\n|-damage|p1b: Passionfruit|61\/100\n|move|p1b: Passionfruit|Dazzling Gleam|p2b: Samara|[spread] p2a,p2b\n|-damage|p2a: O'Pesc|15\/100\n|-damage|p2b: Samara|13\/100\n|move|p2a: O'Pesc|Heat Wave|p1b: Passionfruit|[spread] p1a,p1b\n|-resisted|p1a: Papaya\n|-crit|p1b: Passionfruit\n|-damage|p1a: Papaya|0 fnt\n|-damage|p1b: Passionfruit|0 fnt\n|faint|p1a: Papaya\n|faint|p1b: Passionfruit\n|-end|p1b: Passionfruit|Protosynthesis|[silent]\n|\n|upkeep\n|\n|t:|1681923905\n|switch|p1b: Orange|Amoonguss, L50, M|100\/100\n|switch|p1a: Cherry|Farigiraf, L50, F, shiny|100\/100\n|turn|2\n|\n|t:|1681923913\n|move|p2b: Samara|Moonblast|p1a: Cherry\n|-damage|p1a: Cherry|42\/100\n|move|p2a: O'Pesc|Heat Wave|p1a: Cherry|[spread] p1a,p1b\n|-supereffective|p1b: Orange\n|-damage|p1a: Cherry|0 fnt\n|-damage|p1b: Orange|21\/100\n|-enditem|p1b: Orange|Sitrus Berry|[eat]\n|-heal|p1b: Orange|46\/100|[from] item: Sitrus Berry\n|faint|p1a: Cherry\n|move|p1b: Orange|Pollen Puff|p1: Cherry|[notarget]\n|-fail|p1b: Orange\n|\n|upkeep\n|turn|3\n|-message|Can'tStopFalling forfeited.\n|\n|win|Lussokidogi\n|raw|Can'tStopFalling's rating: 1402 → 1381<\/strong> (-21 for losing)\n|raw|Lussokidogi's rating: 1387 → 1408<\/strong> (+21 for winning)\n|l|\u2606Can'tStopFalling\n","uploadtime":1681923926,"views":13,"p1id":"cantstopfalling","p2id":"lussokidogi","formatid":"gen9vgc2023regulationc","rating":1381,"private":0,"password":""}