{"id":"gen9vgc2023regulationc-1863130652","p1":"Darkvampire855","p2":"AlbedoIsUwU","format":"[Gen 9] VGC 2023 Regulation C","log":"|j|\u2606Darkvampire855\n|j|\u2606AlbedoIsUwU\n|t:|1683976278\n|gametype|doubles\n|player|p1|Darkvampire855|palmer|1046\n|player|p2|AlbedoIsUwU|169|1030\n|teamsize|p1|6\n|teamsize|p2|6\n|gen|9\n|tier|[Gen 9] VGC 2023 Regulation C\n|rated|\n|rule|Species Clause: Limit one of each Pok\u00e9mon\n|rule|Item Clause: Limit one of each item\n|clearpoke\n|poke|p1|Annihilape, L50, M|\n|poke|p1|Maushold, L50|\n|poke|p1|Flutter Mane, L50|\n|poke|p1|Azumarill, L50, F|\n|poke|p1|Lycanroc-Dusk, L50, F|\n|poke|p1|Ting-Lu, L50|\n|poke|p2|Ting-Lu, L50|\n|poke|p2|Palafin, L50, M|\n|poke|p2|Hydreigon, L50, M|\n|poke|p2|Flutter Mane, L50|\n|poke|p2|Kingambit, L50, M|\n|poke|p2|Murkrow, L50, F|\n|teampreview|4\n|inactive|Battle timer is ON: inactive players will automatically lose when time's up. (requested by Darkvampire855)\nDarkvampire855 has agreed to open team sheets.\n|\n|t:|1683976290\n|start\n|switch|p1a: Annihilape|Annihilape, L50, M|100\/100\n|switch|p1b: Maushold|Maushold, L50|100\/100\n|switch|p2a: Ting-Lu|Ting-Lu, L50|100\/100\n|switch|p2b: Palafin|Palafin, L50, M|100\/100\n|-ability|p2a: Ting-Lu|Vessel of Ruin\n|turn|1\n|inactive|Darkvampire855 has 30 seconds left.\n|inactive|AlbedoIsUwU has 30 seconds left.\n|\n|t:|1683976323\n|move|p1b: Maushold|Follow Me|p1b: Maushold\n|-singleturn|p1b: Maushold|move: Follow Me\n|move|p2b: Palafin|Flip Turn|p1b: Maushold\n|-damage|p1b: Maushold|64\/100\n|-damage|p2b: Palafin|91\/100|[from] item: Life Orb\n|\n|t:|1683976329\n|detailschange|p2b: Palafin|Palafin-Hero, L50, M\n|switch|p2b: Flutter Mane|Flutter Mane, L50|100\/100|[from] Flip Turn\n|move|p1a: Annihilape|Bulk Up|p1a: Annihilape\n|-boost|p1a: Annihilape|atk|1\n|-boost|p1a: Annihilape|def|1\n|move|p2a: Ting-Lu|Fissure|p1b: Maushold\n|-damage|p1b: Maushold|0 fnt\n|faint|p1b: Maushold\n|-ohko\n|\n|upkeep\n|\n|t:|1683976340\n|switch|p1b: Ting-Lu|Ting-Lu, L50|100\/100\n|-ability|p1b: Ting-Lu|Vessel of Ruin\n|turn|2\n|c|\u2606AlbedoIsUwU|Lol\n|inactive|Darkvampire855 has 30 seconds left.\n|c|\u2606Darkvampire855|does follow me effect accuracy\n|inactive|Darkvampire855 has 20 seconds left.\n|inactive|Darkvampire855 has 15 seconds left.\n|inactive|Darkvampire855 has 10 seconds left.\n|\n|t:|1683976389\n|-terastallize|p2b: Flutter Mane|Fairy\n|move|p2b: Flutter Mane|Moonblast|p1a: Annihilape\n|-supereffective|p1a: Annihilape\n|-damage|p1a: Annihilape|0 fnt\n|faint|p1a: Annihilape\n|move|p2a: Ting-Lu|Fissure|p1b: Ting-Lu|[miss]\n|-miss|p2a: Ting-Lu|p1b: Ting-Lu\n|move|p1b: Ting-Lu|Fissure|p2b: Flutter Mane|[miss]\n|-miss|p1b: Ting-Lu|p2b: Flutter Mane\n|\n|upkeep\n|\n|t:|1683976398\n|switch|p1a: Lycanroc|Lycanroc-Dusk, L50, F|100\/100\n|turn|3\n|c|\u2606AlbedoIsUwU|I don't think it does\n|c|\u2606Darkvampire855|hmm\n|c|\u2606AlbedoIsUwU|Just got lucky it seems\n|inactive|Darkvampire855 has 30 seconds left.\n|c|\u2606Darkvampire855|so you hit it on your first time bc RNg\n|inactive|Darkvampire855 has 20 seconds left.\n|\n|t:|1683976435\n|move|p2b: Flutter Mane|Moonblast|p1b: Ting-Lu\n|-supereffective|p1b: Ting-Lu\n|-damage|p1b: Ting-Lu|0 fnt\n|faint|p1b: Ting-Lu\n|move|p1a: Lycanroc|Drill Run|p2b: Flutter Mane\n|-damage|p2b: Flutter Mane|0 fnt\n|faint|p2b: Flutter Mane\n|-end|p2b: Flutter Mane|Protosynthesis|[silent]\n|move|p2a: Ting-Lu|Heavy Slam|p1a: Lycanroc\n|-supereffective|p1a: Lycanroc\n|-damage|p1a: Lycanroc|0 fnt\n|faint|p1a: Lycanroc\n|\n|win|AlbedoIsUwU\n|raw|Darkvampire855's rating: 1046 → 1028<\/strong> (-18 for losing)\n|raw|AlbedoIsUwU's rating: 1030 → 1067<\/strong> (+37 for winning)\n|c|\u2606AlbedoIsUwU|Do you want my sets?\n|c|\u2606Darkvampire855|yeah\n|c|\u2606AlbedoIsUwU|What is the command for it\n|c|\u2606Darkvampire855|no idea\n|c|\u2606AlbedoIsUwU|!showteam\n|c| AlbedoIsUwU|\/raw View team<\/summary>Ting-Lu @ Assault Vest Ability: Vessel of Ruin Level: 50 Tera Type: Ground EVs: 252 HP / 252 SpD Adamant Nature - Rock Slide - Heavy Slam - Fissure - Stomping Tantrum Palafin @ Life Orb Ability: Zero to Hero Level: 50 Tera Type: Water EVs: 252 Atk / 4 SpD / 252 Spe Jolly Nature - Wave Crash - Flip Turn - Ice Punch - Iron Head Hydreigon @ Choice Scarf Ability: Levitate Level: 50 Tera Type: Dark EVs: 252 SpA / 4 SpD / 252 Spe Timid Nature IVs: 0 Atk - Draco Meteor - Dark Pulse - Focus Blast - Fire Blast Flutter Mane @ Choice Specs Ability: Protosynthesis Level: 50 Tera Type: Fairy EVs: 252 SpA / 4 SpD / 252 Spe Timid Nature IVs: 0 Atk - Moonblast - Energy Ball - Thunderbolt - Dark Pulse Kingambit @ Black Glasses Ability: Supreme Overlord Level: 50 Tera Type: Dark EVs: 252 HP / 252 Atk / 4 SpD Adamant Nature - Sucker Punch - Iron Head - Kowtow Cleave - Zen Headbutt Murkrow @ Eviolite Ability: Prankster Level: 50 Tera Type: Dark EVs: 252 HP / 4 Def / 252 SpD Calm Nature IVs: 0 Atk - Foul Play - Haze - Tailwind - Thunder Wave <\/details><\/div>\n|c|\u2606Darkvampire855|nice team\n|c|\u2606Darkvampire855|!showteam\n|c| Darkvampire855|\/raw View team<\/summary>Annihilape (M) @ Leftovers Ability: Defiant Level: 50 Tera Type: Water EVs: 180 HP / 36 Atk / 108 Def / 172 SpD / 12 Spe Adamant Nature - Drain Punch - Rage Fist - Bulk Up - Protect Maushold @ Safety Goggles Ability: Friend Guard Level: 50 Tera Type: Ghost EVs: 252 HP / 4 Atk / 252 Spe Jolly Nature - Baby-Doll Eyes - Beat Up - Follow Me - Protect Flutter Mane @ Choice Specs Ability: Protosynthesis Level: 50 Tera Type: Fairy EVs: 252 SpA / 4 SpD / 252 Spe Modest Nature IVs: 0 Atk - Moonblast - Shadow Ball - Dazzling Gleam - Psyshock Azumarill @ Sitrus Berry Ability: Huge Power Level: 50 Tera Type: Water EVs: 252 HP / 252 Atk / 4 SpD Adamant Nature - Bounce - Trailblaze - Play Rough - Waterfall Lycanroc (Lycanroc-Dusk) @ Choice Band Ability: Tough Claws Level: 50 Tera Type: Flying EVs: 252 Atk / 4 SpD / 252 Spe Jolly Nature - Accelerock - Drill Run - Psychic Fangs - Crunch Ting-Lu @ Clear Amulet Ability: Vessel of Ruin Level: 50 Tera Type: Fire EVs: 252 HP / 252 Atk / 4 SpD Adamant Nature - Throat Chop - Fissure - Stomping Tantrum - Protect <\/details><\/div>\n|c|\u2606AlbedoIsUwU|That ting lu can survive like 3 monoblasts from flutter mane btw\n|c|\u2606AlbedoIsUwU|My one\n|c|\u2606Darkvampire855|yeah i can see\n|c|\u2606Darkvampire855|he is everyware\n|c|\u2606AlbedoIsUwU|Ggs\n|c|\u2606Darkvampire855|ggs man\n","uploadtime":1683976632,"views":13,"p1id":"darkvampire855","p2id":"albedoisuwu","formatid":"gen9vgc2023regulationc","rating":1028,"private":0,"password":""}