{"id":"gen9vgc2023regulationc-1860732988","p1":"vta39","p2":"RadiantBlue4552","format":"[Gen 9] VGC 2023 Regulation C","log":"|j|\u2606vta39\n|j|\u2606RadiantBlue4552\n|t:|1683671299\n|gametype|doubles\n|player|p1|vta39|madame-gen4dp|1155\n|player|p2|RadiantBlue4552|266|1228\n|teamsize|p1|5\n|teamsize|p2|6\n|gen|9\n|tier|[Gen 9] VGC 2023 Regulation C\n|rated|\n|rule|Species Clause: Limit one of each Pok\u00e9mon\n|rule|Item Clause: Limit one of each item\n|clearpoke\n|poke|p1|Iron Hands, L50|\n|poke|p1|Flutter Mane, L50|\n|poke|p1|Ting-Lu, L50|\n|poke|p1|Bronzong, L50|\n|poke|p1|Annihilape, L50, M|\n|poke|p2|Kingambit, L50, F|\n|poke|p2|Hariyama, L50, M|\n|poke|p2|Garchomp, L50, M|\n|poke|p2|Torkoal, L50, M|\n|poke|p2|Brute Bonnet, L50|\n|poke|p2|Oranguru, L50, F|\n|teampreview|4\n|\n|t:|1683671333\n|start\n|switch|p1a: Annihilape|Annihilape, L50, M|100\/100\n|switch|p1b: Bronzong|Bronzong, L50|100\/100\n|switch|p2a: Garchomp|Garchomp, L50, M|100\/100\n|switch|p2b: Kingambit|Kingambit, L50, F|100\/100\n|turn|1\n|\n|t:|1683671355\n|switch|p2a: Oranguru|Oranguru, L50, F|100\/100\n|-terastallize|p2b: Kingambit|Flying\n|-terastallize|p1b: Bronzong|Fire\n|move|p1a: Annihilape|Final Gambit|p2a: Oranguru\n|-damage|p2a: Oranguru|0 fnt\n|faint|p1a: Annihilape\n|faint|p2a: Oranguru\n|move|p2b: Kingambit|Kowtow Cleave|p1b: Bronzong\n|-damage|p1b: Bronzong|57\/100\n|move|p1b: Bronzong|Trick Room|p1b: Bronzong\n|-fieldstart|move: Trick Room|[of] p1b: Bronzong\n|\n|upkeep\n|\n|t:|1683671388\n|switch|p2a: Torkoal|Torkoal, L50, M|100\/100\n|switch|p1a: Ting-Lu|Ting-Lu, L50|100\/100\n|-weather|SunnyDay|[from] ability: Drought|[of] p2a: Torkoal\n|-ability|p1a: Ting-Lu|Vessel of Ruin\n|turn|2\n|\n|t:|1683671412\n|move|p1b: Bronzong|Helping Hand|p1a: Ting-Lu\n|-singleturn|p1a: Ting-Lu|Helping Hand|[of] p1b: Bronzong\n|move|p2a: Torkoal|Eruption|p1b: Bronzong|[spread] p1a,p1b\n|-resisted|p1b: Bronzong\n|-damage|p1a: Ting-Lu|56\/100\n|-damage|p1b: Bronzong|34\/100\n|move|p1a: Ting-Lu|Earthquake|p2a: Torkoal|[spread] p2a\n|-immune|p1b: Bronzong|[from] ability: Levitate\n|-immune|p2b: Kingambit\n|-supereffective|p2a: Torkoal\n|-damage|p2a: Torkoal|12\/100\n|move|p2b: Kingambit|Kowtow Cleave|p1b: Bronzong\n|-damage|p1b: Bronzong|0 fnt\n|faint|p1b: Bronzong\n|\n|-weather|SunnyDay|[upkeep]\n|upkeep\n|\n|t:|1683671427\n|switch|p1b: Flutter Mane|Flutter Mane, L50|100\/100\n|-activate|p1b: Flutter Mane|ability: Protosynthesis\n|-start|p1b: Flutter Mane|protosynthesisspa\n|turn|3\n|\n|t:|1683671435\n|move|p2a: Torkoal|Overheat|p1a: Ting-Lu\n|-damage|p1a: Ting-Lu|4\/100\n|-unboost|p2a: Torkoal|spa|2\n|move|p1a: Ting-Lu|Throat Chop|p2b: Kingambit\n|-damage|p2b: Kingambit|67\/100\n|-start|p2b: Kingambit|Throat Chop|[silent]\n|move|p2b: Kingambit|Iron Head|p1b: Flutter Mane\n|-supereffective|p1b: Flutter Mane\n|-damage|p1b: Flutter Mane|0 fnt\n|faint|p1b: Flutter Mane\n|-end|p1b: Flutter Mane|Protosynthesis|[silent]\n|\n|-weather|SunnyDay|[upkeep]\n|upkeep\n|turn|4\n|-message|vta39 forfeited.\n|\n|win|RadiantBlue4552\n|raw|vta39's rating: 1155 → 1135<\/strong> (-20 for losing)\n|raw|RadiantBlue4552's rating: 1228 → 1248<\/strong> (+20 for winning)\n|l|\u2606vta39\n","uploadtime":1683671449,"views":12,"p1id":"vta39","p2id":"radiantblue4552","formatid":"gen9vgc2023regulationc","rating":1135,"private":0,"password":""}