{"id":"gen9vgc2023regulationc-1862058484","p1":"clamps1","p2":"ThatOneDedenne","format":"[Gen 9] VGC 2023 Regulation C","log":"|j|\u2606clamps1\n|j|\u2606ThatOneDedenne\n|t:|1683832880\n|gametype|doubles\n|player|p1|clamps1|266|1052\n|player|p2|ThatOneDedenne|rocketgruntf|1103\n|teamsize|p1|6\n|teamsize|p2|6\n|gen|9\n|tier|[Gen 9] VGC 2023 Regulation C\n|rated|\n|rule|Species Clause: Limit one of each Pok\u00e9mon\n|rule|Item Clause: Limit one of each item\n|clearpoke\n|poke|p1|Iron Bundle, L50|\n|poke|p1|Gyarados, L50, M|\n|poke|p1|Bronzong, L50|\n|poke|p1|Flutter Mane, L50|\n|poke|p1|Abomasnow, L50, M|\n|poke|p1|Iron Hands, L50|\n|poke|p2|Tyranitar, L50, F|\n|poke|p2|Lycanroc, L50, M|\n|poke|p2|Garchomp, L50, F|\n|poke|p2|Sandaconda, L50, F|\n|poke|p2|Breloom, L50, F|\n|poke|p2|Great Tusk, L50|\n|teampreview|4\n|inactive|Battle timer is ON: inactive players will automatically lose when time's up. (requested by ThatOneDedenne)\n|\n|t:|1683832896\n|start\n|switch|p1a: Bronzong|Bronzong, L50|100\/100\n|switch|p1b: Abomasnow|Abomasnow, L50, M|100\/100\n|switch|p2a: Tyranitar|Tyranitar, L50, F|100\/100\n|switch|p2b: Lycanroc|Lycanroc, L50, M|100\/100\n|-weather|Snow|[from] ability: Snow Warning|[of] p1b: Abomasnow\n|-weather|Sandstorm|[from] ability: Sand Stream|[of] p2a: Tyranitar\n|turn|1\n|\n|t:|1683832911\n|switch|p1b: Flutter Mane|Flutter Mane, L50|100\/100\n|move|p2b: Lycanroc|Brick Break|p1a: Bronzong\n|-damage|p1a: Bronzong|76\/100\n|move|p2a: Tyranitar|Rock Slide|p1b: Flutter Mane|[spread] p1a\n|-miss|p2a: Tyranitar|p1b: Flutter Mane\n|-resisted|p1a: Bronzong\n|-damage|p1a: Bronzong|61\/100\n|cant|p1a: Bronzong|flinch\n|\n|-weather|Sandstorm|[upkeep]\n|-damage|p1b: Flutter Mane|94\/100|[from] Sandstorm\n|upkeep\n|turn|2\n|\n|t:|1683832925\n|switch|p1a: Abomasnow|Abomasnow, L50, M|100\/100\n|-weather|Snow|[from] ability: Snow Warning|[of] p1a: Abomasnow\n|-terastallize|p1b: Flutter Mane|Fairy\n|move|p1b: Flutter Mane|Dazzling Gleam|p2b: Lycanroc|[spread] p2a,p2b\n|-supereffective|p2a: Tyranitar\n|-damage|p2a: Tyranitar|50\/100\n|-damage|p2b: Lycanroc|27\/100\n|move|p2b: Lycanroc|Rock Slide|p1a: Abomasnow|[spread] p1a,p1b\n|-supereffective|p1a: Abomasnow\n|-damage|p1a: Abomasnow|60\/100\n|-damage|p1b: Flutter Mane|24\/100\n|move|p2a: Tyranitar|Rock Slide|p1a: Abomasnow|[spread] p1a,p1b\n|-supereffective|p1a: Abomasnow\n|-crit|p1a: Abomasnow\n|-damage|p1a: Abomasnow|0 fnt\n|-damage|p1b: Flutter Mane|0 fnt\n|faint|p1a: Abomasnow\n|faint|p1b: Flutter Mane\n|-end|p1b: Flutter Mane|Protosynthesis|[silent]\n|\n|-weather|Snow|[upkeep]\n|upkeep\n|c|\u2606ThatOneDedenne|woooooo\n|\n|t:|1683832941\n|switch|p1b: Gyarados|Gyarados, L50, M|100\/100\n|switch|p1a: Bronzong|Bronzong, L50|61\/100\n|-ability|p1b: Gyarados|Intimidate|boost\n|-unboost|p2a: Tyranitar|atk|1\n|-unboost|p2b: Lycanroc|atk|1\n|turn|3\n|\n|t:|1683832952\n|move|p2b: Lycanroc|Brick Break|p1a: Bronzong\n|-damage|p1a: Bronzong|45\/100\n|move|p1b: Gyarados|Waterfall|p2b: Lycanroc\n|-supereffective|p2b: Lycanroc\n|-damage|p2b: Lycanroc|0 fnt\n|faint|p2b: Lycanroc\n|move|p2a: Tyranitar|Rock Slide|p1b: Gyarados|[spread] p1a,p1b\n|-resisted|p1a: Bronzong\n|-supereffective|p1b: Gyarados\n|-damage|p1a: Bronzong|36\/100\n|-damage|p1b: Gyarados|47\/100\n|cant|p1a: Bronzong|flinch\n|\n|-weather|Snow|[upkeep]\n|upkeep\n|\n|t:|1683832965\n|switch|p2b: Great Tusk|Great Tusk, L50, shiny|100\/100\n|turn|4\n|c|\u2606clamps1|man how come i never get this lucky lol\n|\n|t:|1683832980\n|move|p1a: Bronzong|Helping Hand|p1b: Gyarados\n|-singleturn|p1b: Gyarados|Helping Hand|[of] p1a: Bronzong\n|move|p2b: Great Tusk|Close Combat|p1a: Bronzong\n|-damage|p1a: Bronzong|0 fnt\n|-unboost|p2b: Great Tusk|def|1\n|-unboost|p2b: Great Tusk|spd|1\n|faint|p1a: Bronzong\n|-damage|p2b: Great Tusk|90\/100|[from] item: Life Orb\n|move|p1b: Gyarados|Waterfall|p2b: Great Tusk\n|-supereffective|p2b: Great Tusk\n|-damage|p2b: Great Tusk|0 fnt\n|faint|p2b: Great Tusk\n|-end|p2b: Great Tusk|Protosynthesis|[silent]\n|move|p2a: Tyranitar|Rock Slide|p1b: Gyarados\n|-supereffective|p1b: Gyarados\n|-damage|p1b: Gyarados|0 fnt\n|faint|p1b: Gyarados\n|\n|win|ThatOneDedenne\n|raw|clamps1's rating: 1052 → 1037<\/strong> (-15 for losing)\n|raw|ThatOneDedenne's rating: 1103 → 1124<\/strong> (+21 for winning)\n|c|\u2606ThatOneDedenne|Ive been stockpiling my luck for this\n|c|\u2606ThatOneDedenne|gg\n|c|\u2606clamps1|you hit every one lol\n|c|\u2606clamps1|good job\n","uploadtime":1683833010,"views":14,"p1id":"clamps1","p2id":"thatonededenne","formatid":"gen9vgc2023regulationc","rating":1037,"private":0,"password":""}