{"id":"gen9vgc2023regulationc-1854754873","p1":"kokialcazar","p2":"jamesk5885","format":"[Gen 9] VGC 2023 Regulation C","log":"|j|\u2606kokialcazar\n|j|\u2606jamesk5885\n|t:|1682861784\n|gametype|doubles\n|player|p1|kokialcazar|morty|1115\n|player|p2|jamesk5885|parasollady|1092\n|teamsize|p1|6\n|teamsize|p2|6\n|gen|9\n|tier|[Gen 9] VGC 2023 Regulation C\n|rated|\n|rule|Species Clause: Limit one of each Pok\u00e9mon\n|rule|Item Clause: Limit one of each item\n|clearpoke\n|poke|p1|Chi-Yu, L50|\n|poke|p1|Palafin, L50, M|\n|poke|p1|Flutter Mane, L50|\n|poke|p1|Dragapult, L50, M|\n|poke|p1|Iron Bundle, L50|\n|poke|p1|Gholdengo, L50|\n|poke|p2|Iron Bundle, L50|\n|poke|p2|Dragonite, L50, F|\n|poke|p2|Iron Hands, L50|\n|poke|p2|Ting-Lu, L50|\n|poke|p2|Flutter Mane, L50|\n|poke|p2|Glimmora, L50, F|\n|teampreview|4\n|inactive|Battle timer is ON: inactive players will automatically lose when time's up. (requested by jamesk5885)\njamesk5885 has agreed to open team sheets.\n|\n|t:|1682861809\n|start\n|switch|p1a: Dragapult|Dragapult, L50, M, shiny|100\/100\n|switch|p1b: Gholdengo|Gholdengo, L50|100\/100\n|switch|p2a: Iron Hands|Iron Hands, L50|100\/100\n|switch|p2b: Iron Bundle|Iron Bundle, L50|100\/100\n|-enditem|p2b: Iron Bundle|Booster Energy\n|-activate|p2b: Iron Bundle|ability: Quark Drive|[fromitem]\n|-start|p2b: Iron Bundle|quarkdrivespe\n|turn|1\n|\n|t:|1682861826\n|-end|p2a: Iron Hands|Quark Drive|[silent]\n|switch|p2a: Glimmora|Glimmora, L50, F|100\/100\n|-terastallize|p1b: Gholdengo|Water\n|move|p2b: Iron Bundle|Freeze-Dry|p1a: Dragapult\n|-supereffective|p1a: Dragapult\n|-damage|p1a: Dragapult|2\/100\n|move|p1a: Dragapult|Outrage|p2b: Iron Bundle\n|-damage|p2b: Iron Bundle|0 fnt\n|faint|p2b: Iron Bundle\n|-end|p2b: Iron Bundle|Quark Drive|[silent]\n|move|p1b: Gholdengo|Nasty Plot|p1b: Gholdengo\n|-boost|p1b: Gholdengo|spa|2\n|\n|upkeep\n|\n|t:|1682861837\n|switch|p2b: Iron Hands|Iron Hands, L50|100\/100\n|turn|2\n|\n|t:|1682861848\n|move|p1b: Gholdengo|Protect|p1b: Gholdengo\n|-singleturn|p1b: Gholdengo|Protect\n|move|p2b: Iron Hands|Fake Out|p1b: Gholdengo\n|-activate|p1b: Gholdengo|move: Protect\n|move|p1a: Dragapult|Outrage|p2b: Iron Hands|[from]lockedmove\n|-damage|p2b: Iron Hands|32\/100\n|-start|p1a: Dragapult|confusion|[fatigue]\n|move|p2a: Glimmora|Mortal Spin|p1a: Dragapult|[spread] p1a\n|-activate|p1b: Gholdengo|move: Protect\n|-resisted|p1a: Dragapult\n|-damage|p1a: Dragapult|0 fnt\n|faint|p1a: Dragapult\n|\n|upkeep\n|\n|t:|1682861865\n|switch|p1a: Iron Bundle|Iron Bundle, L50, shiny|100\/100\n|-enditem|p1a: Iron Bundle|Booster Energy\n|-activate|p1a: Iron Bundle|ability: Quark Drive|[fromitem]\n|-start|p1a: Iron Bundle|quarkdrivespe\n|turn|3\n|\n|t:|1682861881\n|move|p1a: Iron Bundle|Protect|p1a: Iron Bundle\n|-singleturn|p1a: Iron Bundle|Protect\n|move|p2a: Glimmora|Mortal Spin|p1a: Iron Bundle|[spread] p1b\n|-activate|p1a: Iron Bundle|move: Protect\n|-damage|p1b: Gholdengo|95\/100\n|-status|p1b: Gholdengo|psn\n|move|p1b: Gholdengo|Make It Rain|p2b: Iron Hands|[spread] p2a,p2b\n|-supereffective|p2a: Glimmora\n|-resisted|p2b: Iron Hands\n|-damage|p2a: Glimmora|0 fnt\n|-damage|p2b: Iron Hands|0 fnt\n|-unboost|p1b: Gholdengo|spa|1\n|faint|p2a: Glimmora\n|faint|p2b: Iron Hands\n|-end|p2b: Iron Hands|Quark Drive|[silent]\n|\n|-heal|p1b: Gholdengo|100\/100 psn|[from] item: Leftovers\n|-damage|p1b: Gholdengo|88\/100 psn|[from] psn\n|upkeep\n|\n|t:|1682861893\n|switch|p2b: Dragonite|Dragonite, L50, F|100\/100\n|turn|4\n|\n|t:|1682861906\n|-terastallize|p2b: Dragonite|Flying\n|move|p1a: Iron Bundle|Icy Wind|p2b: Dragonite\n|-supereffective|p2b: Dragonite\n|-damage|p2b: Dragonite|73\/100\n|-unboost|p2b: Dragonite|spe|1\n|move|p1b: Gholdengo|Make It Rain|p2b: Dragonite\n|-damage|p2b: Dragonite|0 fnt\n|-unboost|p1b: Gholdengo|spa|1\n|faint|p2b: Dragonite\n|\n|win|kokialcazar\n|raw|kokialcazar's rating: 1115 → 1138<\/strong> (+23 for winning)\n|raw|jamesk5885's rating: 1092 → 1070<\/strong> (-22 for losing)\n|l|\u2606jamesk5885\n","uploadtime":1682861923,"views":15,"p1id":"kokialcazar","p2id":"jamesk5885","formatid":"gen9vgc2023regulationc","rating":1070,"private":0,"password":""}