{"id":"gen9vgc2023regulationc-1848132248","p1":"UltimoRyu","p2":"Garebearr","format":"[Gen 9] VGC 2023 Regulation C","log":"|j|\u2606UltimoRyu\n|j|\u2606Garebearr\n|t:|1682033443\n|gametype|doubles\n|player|p1|UltimoRyu|steven|1218\n|player|p2|Garebearr|169|1193\n|teamsize|p1|6\n|teamsize|p2|6\n|gen|9\n|tier|[Gen 9] VGC 2023 Regulation C\n|rated|\n|rule|Species Clause: Limit one of each Pok\u00e9mon\n|rule|Item Clause: Limit one of each item\n|clearpoke\n|poke|p1|Pelipper, L50, F|\n|poke|p1|Palafin, L50, M|\n|poke|p1|Goodra, L50, F|\n|poke|p1|Gyarados, L50, M|\n|poke|p1|Dondozo, L50, M|\n|poke|p1|Tatsugiri-Stretchy, L50, F|\n|poke|p2|Dragonite, L50, F|\n|poke|p2|Chien-Pao, L50|\n|poke|p2|Flutter Mane, L50|\n|poke|p2|Volcarona, L50, F|\n|poke|p2|Gyarados, L50, M|\n|poke|p2|Scizor, L50, F|\n|teampreview|4\nGarebearr has agreed to open team sheets.\n|\n|t:|1682033476\n|start\n|switch|p1a: Pelipper|Pelipper, L50, F|100\/100\n|switch|p1b: Dondozo|Dondozo, L50, M|100\/100\n|switch|p2a: Dragonite|Dragonite, L50, F|100\/100\n|switch|p2b: Chien-Pao|Chien-Pao, L50|100\/100\n|-ability|p2b: Chien-Pao|Sword of Ruin\n|-weather|RainDance|[from] ability: Drizzle|[of] p1a: Pelipper\n|turn|1\n|\n|t:|1682033518\n|switch|p1a: Tatsugiri|Tatsugiri-Stretchy, L50, F|100\/100\n|-activate|p1a: Tatsugiri|ability: Commander|[of] p1b: Dondozo\n|-boost|p1b: Dondozo|atk|2\n|-boost|p1b: Dondozo|spa|2\n|-boost|p1b: Dondozo|spe|2\n|-boost|p1b: Dondozo|def|2\n|-boost|p1b: Dondozo|spd|2\n|-terastallize|p1b: Dondozo|Water\n|move|p2b: Chien-Pao|Sacred Sword|p1b: Dondozo\n|-damage|p1b: Dondozo|71\/100\n|move|p2a: Dragonite|Dragon Dance|p2a: Dragonite\n|-boost|p2a: Dragonite|atk|1\n|-boost|p2a: Dragonite|spe|1\n|move|p1b: Dondozo|Liquidation|p2a: Dragonite\n|-resisted|p2a: Dragonite\n|-damage|p2a: Dragonite|0 fnt\n|faint|p2a: Dragonite\n|-damage|p1b: Dondozo|61\/100|[from] item: Life Orb\n|\n|-weather|RainDance|[upkeep]\n|upkeep\n|\n|t:|1682033536\n|switch|p2a: Scizor|Scizor, L50, F|100\/100\n|turn|2\n|\n|t:|1682033551\n|move|p2b: Chien-Pao|Protect|p2b: Chien-Pao\n|-singleturn|p2b: Chien-Pao|Protect\n|move|p1b: Dondozo|Liquidation|p2a: Scizor\n|-damage|p2a: Scizor|0 fnt\n|faint|p2a: Scizor\n|-damage|p1b: Dondozo|52\/100|[from] item: Life Orb\n|\n|-weather|RainDance|[upkeep]\n|upkeep\n|-message|Garebearr forfeited.\n|\n|win|UltimoRyu\n|raw|UltimoRyu's rating: 1218 → 1241<\/strong> (+23 for winning)\n|raw|Garebearr's rating: 1193 → 1170<\/strong> (-23 for losing)\n|l|\u2606Garebearr\n","uploadtime":1682033566,"views":6,"p1id":"ultimoryu","p2id":"garebearr","formatid":"gen9vgc2023regulationc","rating":1170,"private":0,"password":""}