{"id":"gen9vgc2023regulationc-1847699263","p1":"Mewapoptosis","p2":"gankyburner","format":"[Gen 9] VGC 2023 Regulation C","log":"|j|\u2606Mewapoptosis\n|j|\u2606gankyburner\n|t:|1681993811\n|gametype|doubles\n|player|p1|Mewapoptosis|veteran|1385\n|player|p2|gankyburner|266|1349\n|teamsize|p1|6\n|teamsize|p2|6\n|gen|9\n|tier|[Gen 9] VGC 2023 Regulation C\n|rated|\n|rule|Species Clause: Limit one of each Pok\u00e9mon\n|rule|Item Clause: Limit one of each item\n|clearpoke\n|poke|p1|Flutter Mane, L50|\n|poke|p1|Dragonite, L50, M|\n|poke|p1|Chien-Pao, L50|\n|poke|p1|Amoonguss, L50, M|\n|poke|p1|Chi-Yu, L50|\n|poke|p1|Azumarill, L50, F|\n|poke|p2|Murkrow, L50, F|\n|poke|p2|Houndstone, L50, F|\n|poke|p2|Chi-Yu, L50|\n|poke|p2|Tyranitar, L50, M|\n|poke|p2|Gastrodon, L50, F|\n|poke|p2|Corviknight, L50, M|\n|teampreview|4\n|\n|t:|1681993849\n|start\n|switch|p1a: Chi-Yu|Chi-Yu, L50|100\/100\n|switch|p1b: Natatat\u00b0|Flutter Mane, L50, shiny|100\/100\n|switch|p2a: Dragula|Houndstone, L50, F, shiny|100\/100\n|switch|p2b: Godzilla|Tyranitar, L50, M, shiny|100\/100\n|-ability|p1a: Chi-Yu|Beads of Ruin\n|-weather|Sandstorm|[from] ability: Sand Stream|[of] p2b: Godzilla\n|-enditem|p1b: Natatat\u00b0|Booster Energy\n|-activate|p1b: Natatat\u00b0|ability: Protosynthesis|[fromitem]\n|-start|p1b: Natatat\u00b0|protosynthesisspe\n|turn|1\n|\n|t:|1681993895\n|move|p1b: Natatat\u00b0|Dazzling Gleam|p2a: Dragula|[spread] p2a,p2b\n|-supereffective|p2b: Godzilla\n|-damage|p2a: Dragula|59\/100\n|-damage|p2b: Godzilla|62\/100\n|move|p2a: Dragula|Howl|p2a: Dragula|[spread] p2a,p2b\n|-boost|p2a: Dragula|atk|1\n|-boost|p2b: Godzilla|atk|1\n|move|p1a: Chi-Yu|Dark Pulse|p2a: Dragula\n|-supereffective|p2a: Dragula\n|-crit|p2a: Dragula\n|-damage|p2a: Dragula|0 fnt\n|faint|p2a: Dragula\n|move|p2b: Godzilla|Rock Slide|p1a: Chi-Yu|[spread] p1a,p1b\n|-supereffective|p1a: Chi-Yu\n|-damage|p1a: Chi-Yu|0 fnt\n|-damage|p1b: Natatat\u00b0|0 fnt\n|faint|p1a: Chi-Yu\n|faint|p1b: Natatat\u00b0\n|-end|p1b: Natatat\u00b0|Protosynthesis|[silent]\n|\n|-weather|Sandstorm|[upkeep]\n|upkeep\n|\n|t:|1681993910\n|switch|p1b: Metabar\u2205n|Dragonite, L50, M, shiny|100\/100\n|switch|p1a: P\u2205pe|Chien-Pao, L50|100\/100\n|switch|p2a: Mr. Jones|Corviknight, L50, M|100\/100\n|-ability|p1a: P\u2205pe|Sword of Ruin\n|turn|2\n|\n|t:|1681993941\n|-terastallize|p2b: Godzilla|Flying\n|-terastallize|p1b: Metabar\u2205n|Normal\n|move|p1b: Metabar\u2205n|Extreme Speed|p2a: Mr. Jones\n|-resisted|p2a: Mr. Jones\n|-damage|p2a: Mr. Jones|55\/100\n|move|p1a: P\u2205pe|Ice Spinner|p2b: Godzilla\n|-supereffective|p2b: Godzilla\n|-damage|p2b: Godzilla|0 fnt\n|faint|p2b: Godzilla\n|move|p2a: Mr. Jones|Iron Head|p1a: P\u2205pe\n|-supereffective|p1a: P\u2205pe\n|-enditem|p1a: P\u2205pe|Focus Sash\n|-damage|p1a: P\u2205pe|1\/100\n|\n|-weather|Sandstorm|[upkeep]\n|-damage|p1a: P\u2205pe|0 fnt|[from] Sandstorm\n|-damage|p1b: Metabar\u2205n|94\/100|[from] Sandstorm\n|faint|p1a: P\u2205pe\n|upkeep\n|\n|t:|1681993956\n|switch|p2b: B.H. Sun|Chi-Yu, L50|100\/100\n|-ability|p2b: B.H. Sun|Beads of Ruin\n|turn|3\n|\n|t:|1681993968\n|move|p1b: Metabar\u2205n|Extreme Speed|p2b: B.H. Sun\n|-damage|p2b: B.H. Sun|0 fnt\n|faint|p2b: B.H. Sun\n|move|p2a: Mr. Jones|Iron Head|p1b: Metabar\u2205n\n|-damage|p1b: Metabar\u2205n|47\/100\n|\n|-weather|Sandstorm|[upkeep]\n|-damage|p1b: Metabar\u2205n|41\/100|[from] Sandstorm\n|upkeep\n|turn|4\n|\n|t:|1681993979\n|move|p1b: Metabar\u2205n|Extreme Speed|p2a: Mr. Jones\n|-resisted|p2a: Mr. Jones\n|-damage|p2a: Mr. Jones|20\/100\n|move|p2a: Mr. Jones|Iron Head|p1b: Metabar\u2205n\n|-damage|p1b: Metabar\u2205n|0 fnt\n|faint|p1b: Metabar\u2205n\n|\n|win|gankyburner\n|raw|Mewapoptosis's rating: 1385 → 1363<\/strong> (-22 for losing)\n|raw|gankyburner's rating: 1349 → 1371<\/strong> (+22 for winning)\n|c|\u2606gankyburner|gg\n|c|\u2606Mewapoptosis|gg\n|c|\u2606gankyburner|good ice spinner read\n|c|\u2606Mewapoptosis|sandstorm got me though lol\n","uploadtime":1681993989,"views":11,"p1id":"mewapoptosis","p2id":"gankyburner","formatid":"gen9vgc2023regulationc","rating":1363,"private":0,"password":""}