{"id":"gen9vgc2023regulationc-1855245565","p1":"PokemonPesticide","p2":"Amahl","format":"[Gen 9] VGC 2023 Regulation C","log":"|j|\u2606PokemonPesticide\n|j|\u2606Amahl\n|t:|1682921963\n|gametype|doubles\n|player|p1|PokemonPesticide|rocketgrunt|1145\n|player|p2|Amahl|101|1139\n|teamsize|p1|6\n|teamsize|p2|6\n|gen|9\n|tier|[Gen 9] VGC 2023 Regulation C\n|rated|\n|rule|Species Clause: Limit one of each Pok\u00e9mon\n|rule|Item Clause: Limit one of each item\n|clearpoke\n|poke|p1|Indeedee-F, L50, F|\n|poke|p1|Klawf, L50, F|\n|poke|p1|Flamigo, L50, M|\n|poke|p1|Garchomp, L50, F|\n|poke|p1|Gardevoir, L50, F|\n|poke|p1|Kilowattrel, L50, M|\n|poke|p2|Braviary, L50, M|\n|poke|p2|Annihilape, L50, M|\n|poke|p2|Vivillon, L50, F|\n|poke|p2|Indeedee-F, L50, F|\n|poke|p2|Vaporeon, L50, F|\n|poke|p2|Baxcalibur, L50, M|\n|teampreview|4\n|\n|t:|1682922006\n|start\n|switch|p1a: Garchomp|Garchomp, L50, F|100\/100\n|switch|p1b: Klawf|Klawf, L50, F|100\/100\n|switch|p2a: Baxcalibur|Baxcalibur, L50, M|100\/100\n|switch|p2b: Vivillon|Vivillon, L50, F|100\/100\n|turn|1\n|\n|t:|1682922049\n|move|p2b: Vivillon|Rage Powder|p2b: Vivillon\n|-singleturn|p2b: Vivillon|move: Rage Powder\n|move|p1a: Garchomp|Iron Head|p2b: Vivillon\n|-damage|p2b: Vivillon|44\/100\n|move|p1b: Klawf|Rock Slide|p2a: Baxcalibur|[spread] p2a,p2b\n|-supereffective|p2a: Baxcalibur\n|-supereffective|p2b: Vivillon\n|-damage|p2a: Baxcalibur|69\/100\n|-damage|p2b: Vivillon|0 fnt\n|faint|p2b: Vivillon\n|move|p2a: Baxcalibur|Icicle Spear|p1a: Garchomp\n|-supereffective|p1a: Garchomp\n|-damage|p1a: Garchomp|7\/100\n|-supereffective|p1a: Garchomp\n|-damage|p1a: Garchomp|0 fnt\n|faint|p1a: Garchomp\n|-hitcount|p1: Garchomp|2\n|\n|upkeep\n|\n|t:|1682922069\n|switch|p1a: Indeedee|Indeedee-F, L50, F|100\/100\n|switch|p2b: Annihilape|Annihilape, L50, M|100\/100\n|-fieldstart|move: Psychic Terrain|[from] ability: Psychic Surge|[of] p1a: Indeedee\n|-enditem|p1a: Indeedee|Psychic Seed\n|-boost|p1a: Indeedee|spd|1|[from] item: Psychic Seed\n|turn|2\n|\n|t:|1682922090\n|move|p1b: Klawf|Endure|p1b: Klawf\n|-singleturn|p1b: Klawf|move: Endure\n|move|p2b: Annihilape|Drain Punch|p1b: Klawf\n|-supereffective|p1b: Klawf\n|-damage|p1b: Klawf|12\/100\n|-enditem|p1b: Klawf|Weakness Policy\n|-boost|p1b: Klawf|atk|2|[from] item: Weakness Policy\n|-boost|p1b: Klawf|spa|2|[from] item: Weakness Policy\n|-ability|p1b: Klawf|Anger Shell|boost\n|-boost|p1b: Klawf|atk|1\n|-boost|p1b: Klawf|spa|1\n|-boost|p1b: Klawf|spe|1\n|-unboost|p1b: Klawf|def|1\n|-unboost|p1b: Klawf|spd|1\n|move|p2a: Baxcalibur|Icicle Spear|p1a: Indeedee\n|-damage|p1a: Indeedee|70\/100\n|-damage|p1a: Indeedee|41\/100\n|-damage|p1a: Indeedee|13\/100\n|-damage|p1a: Indeedee|0 fnt\n|faint|p1a: Indeedee\n|-hitcount|p1: Indeedee|4\n|\n|upkeep\n|\n|t:|1682922107\n|switch|p1a: Flamigo|Flamigo, L50, M|100\/100\n|-copyboost|p1a: Flamigo|p1b: Klawf|[from] ability: Costar\n|turn|3\n|\n|t:|1682922136\n|move|p1a: Flamigo|Brave Bird|p2b: Annihilape\n|-supereffective|p2b: Annihilape\n|-damage|p2b: Annihilape|0 fnt\n|faint|p2b: Annihilape\n|-damage|p1a: Flamigo|55\/100|[from] Recoil\n|move|p1b: Klawf|Rock Slide|p2a: Baxcalibur\n|-supereffective|p2a: Baxcalibur\n|-damage|p2a: Baxcalibur|0 fnt\n|faint|p2a: Baxcalibur\n|\n|upkeep\n|-message|Amahl forfeited.\n|\n|win|PokemonPesticide\n|raw|PokemonPesticide's rating: 1145 → 1170<\/strong> (+25 for winning)\n|raw|Amahl's rating: 1139 → 1114<\/strong> (-25 for losing)\n|l|\u2606Amahl\n","uploadtime":1682922158,"views":22,"p1id":"pokemonpesticide","p2id":"amahl","formatid":"gen9vgc2023regulationc","rating":1114,"private":0,"password":""}