{"id":"gen9vgc2023regulationc-1854481755","p1":"themanparris","p2":"NicoHaxVGC","format":"[Gen 9] VGC 2023 Regulation C","log":"|j|\u2606themanparris\n|j|\u2606NicoHaxVGC\n|t:|1682816548\n|gametype|doubles\n|player|p1|themanparris|266|1291\n|player|p2|NicoHaxVGC|red|1364\n|teamsize|p1|6\n|teamsize|p2|6\n|gen|9\n|tier|[Gen 9] VGC 2023 Regulation C\n|rated|\n|rule|Species Clause: Limit one of each Pok\u00e9mon\n|rule|Item Clause: Limit one of each item\n|clearpoke\n|poke|p1|Palafin, L50, F|\n|poke|p1|Chien-Pao, L50|\n|poke|p1|Iron Hands, L50|\n|poke|p1|Amoonguss, L50, M|\n|poke|p1|Arcanine, L50, M|\n|poke|p1|Flutter Mane, L50|\n|poke|p2|Corviknight, L50, F|\n|poke|p2|Ting-Lu, L50|\n|poke|p2|Annihilape, L50, M|\n|poke|p2|Amoonguss, L50, F|\n|poke|p2|Iron Bundle, L50|\n|poke|p2|Flutter Mane, L50|\n|teampreview|4\n|inactive|Battle timer is ON: inactive players will automatically lose when time's up. (requested by NicoHaxVGC)\n|inactive|themanparris also wants the timer to be on.\n|inactive|themanparris has 60 seconds left.\n|\n|t:|1682816593\n|start\n|switch|p1a: Iron Hands|Iron Hands, L50|100\/100\n|switch|p1b: Chien-Pao|Chien-Pao, L50|100\/100\n|switch|p2a: Robin|Annihilape, L50, M|100\/100\n|switch|p2b: Star fire|Flutter Mane, L50|100\/100\n|-ability|p1b: Chien-Pao|Sword of Ruin\n|turn|1\n|inactive|themanparris has 30 seconds left.\n|\n|t:|1682816623\n|move|p1b: Chien-Pao|Ice Spinner|p2a: Robin\n|-damage|p2a: Robin|46\/100\n|move|p2b: Star fire|Dazzling Gleam|p1b: Chien-Pao|[spread] p1a,p1b\n|-supereffective|p1a: Iron Hands\n|-supereffective|p1b: Chien-Pao\n|-damage|p1a: Iron Hands|55\/100\n|-enditem|p1b: Chien-Pao|Focus Sash\n|-damage|p1b: Chien-Pao|1\/100\n|move|p2a: Robin|Bulk Up|p2a: Robin\n|-boost|p2a: Robin|atk|1\n|-boost|p2a: Robin|def|1\n|move|p1a: Iron Hands|Heavy Slam|p2b: Star fire\n|-supereffective|p2b: Star fire\n|-damage|p2b: Star fire|0 fnt\n|faint|p2b: Star fire\n|-end|p2b: Star fire|Protosynthesis|[silent]\n|\n|-heal|p2a: Robin|52\/100|[from] item: Leftovers\n|upkeep\n|\n|t:|1682816642\n|switch|p2b: Cyborg|Iron Bundle, L50|100\/100\n|-enditem|p2b: Cyborg|Booster Energy\n|-activate|p2b: Cyborg|ability: Quark Drive|[fromitem]\n|-start|p2b: Cyborg|quarkdrivespe\n|turn|2\n|\n|t:|1682816658\n|-end|p1a: Iron Hands|Quark Drive|[silent]\n|switch|p1a: Arcanine|Arcanine, L50, M|100\/100\n|-ability|p1a: Arcanine|Intimidate|boost\n|-unboost|p2a: Robin|atk|1\n|-ability|p2a: Robin|Defiant|boost\n|-boost|p2a: Robin|atk|2\n|-unboost|p2b: Cyborg|atk|1\n|move|p1b: Chien-Pao|Sucker Punch|p2b: Cyborg\n|-damage|p2b: Cyborg|52\/100\n|move|p2b: Cyborg|Icy Wind|p1b: Chien-Pao|[spread] p1a,p1b\n|-resisted|p1a: Arcanine\n|-resisted|p1b: Chien-Pao\n|-damage|p1a: Arcanine|91\/100\n|-damage|p1b: Chien-Pao|0 fnt\n|-unboost|p1a: Arcanine|spe|1\n|faint|p1b: Chien-Pao\n|move|p2a: Robin|Rage Fist|p1a: Arcanine\n|-damage|p1a: Arcanine|0 fnt\n|faint|p1a: Arcanine\n|\n|-heal|p2a: Robin|58\/100|[from] item: Leftovers\n|upkeep\n|\n|t:|1682816677\n|switch|p1b: Iron Hands|Iron Hands, L50|55\/100\n|switch|p1a: Flutter Mane|Flutter Mane, L50|100\/100\n|-enditem|p1a: Flutter Mane|Booster Energy\n|-activate|p1a: Flutter Mane|ability: Protosynthesis|[fromitem]\n|-start|p1a: Flutter Mane|protosynthesisspa\n|turn|3\n|inactive|NicoHaxVGC has 30 seconds left.\n|\n|t:|1682816708\n|-terastallize|p1a: Flutter Mane|Fairy\n|-terastallize|p2a: Robin|Fire\n|move|p1b: Iron Hands|Fake Out|p2b: Cyborg\n|-damage|p2b: Cyborg|35\/100\n|cant|p2b: Cyborg|flinch\n|move|p1a: Flutter Mane|Dazzling Gleam|p2b: Cyborg|[spread] p2a,p2b\n|-resisted|p2a: Robin\n|-damage|p2a: Robin|37\/100\n|-damage|p2b: Cyborg|0 fnt\n|faint|p2b: Cyborg\n|-end|p2b: Cyborg|Quark Drive|[silent]\n|move|p2a: Robin|Rage Fist|p1a: Flutter Mane\n|-damage|p1a: Flutter Mane|0 fnt\n|faint|p1a: Flutter Mane\n|-end|p1a: Flutter Mane|Protosynthesis|[silent]\n|\n|-heal|p2a: Robin|43\/100|[from] item: Leftovers\n|upkeep\n|\n|t:|1682816722\n|switch|p2b: Raven|Corviknight, L50, F|100\/100\n|turn|4\n|\n|t:|1682816730\n|move|p2a: Robin|Rage Fist|p1b: Iron Hands\n|-damage|p1b: Iron Hands|0 fnt\n|faint|p1b: Iron Hands\n|-end|p1b: Iron Hands|Quark Drive|[silent]\n|\n|win|NicoHaxVGC\n|raw|themanparris's rating: 1291 → 1271<\/strong> (-20 for losing)\n|raw|NicoHaxVGC's rating: 1364 → 1380<\/strong> (+16 for winning)\n|l|\u2606themanparris\n","uploadtime":1682816753,"views":24,"p1id":"themanparris","p2id":"nicohaxvgc","formatid":"gen9vgc2023regulationc","rating":1271,"private":0,"password":""}