{"id":"gen9vgc2023regulationc-1852983450","p1":"GFORCEPKMN","p2":"Steakman5","format":"[Gen 9] VGC 2023 Regulation C","log":"|j|\u2606GFORCEPKMN\n|j|\u2606Steakman5\n|t:|1682622858\n|gametype|doubles\n|player|p1|GFORCEPKMN|2|1303\n|player|p2|Steakman5|swimmer-gen4|1260\n|teamsize|p1|6\n|teamsize|p2|6\n|gen|9\n|tier|[Gen 9] VGC 2023 Regulation C\n|rated|\n|rule|Species Clause: Limit one of each Pok\u00e9mon\n|rule|Item Clause: Limit one of each item\n|clearpoke\n|poke|p1|Dondozo, L50, F|\n|poke|p1|Tatsugiri-Droopy, L50, F|\n|poke|p1|Pelipper, L50, F|\n|poke|p1|Drednaw, L50, M|\n|poke|p1|Dragonite, L50, F|\n|poke|p1|Chien-Pao, L50|\n|poke|p2|Flamigo, L50, M|\n|poke|p2|Meowscarada, L50, M|\n|poke|p2|Tauros-Paldea-Blaze, L50, M|\n|poke|p2|Dondozo, L50, M|\n|poke|p2|Flutter Mane, L50|\n|poke|p2|Tatsugiri-Droopy, L50, F|\n|teampreview|4\n|j| Flame180\n|inactive|Battle timer is ON: inactive players will automatically lose when time's up. (requested by Steakman5)\n|\n|t:|1682622907\n|start\n|switch|p1a: Dragonite|Dragonite, L50, F|100\/100\n|switch|p1b: Chien-Pao|Chien-Pao, L50|100\/100\n|switch|p2a: Flutter Mane|Flutter Mane, L50|100\/100\n|switch|p2b: Tatsugiri|Tatsugiri-Droopy, L50, F|100\/100\n|-ability|p1b: Chien-Pao|Sword of Ruin\n|-enditem|p2a: Flutter Mane|Booster Energy\n|-activate|p2a: Flutter Mane|ability: Protosynthesis|[fromitem]\n|-start|p2a: Flutter Mane|protosynthesisspe\n|turn|1\n|inactive|GFORCEPKMN has 30 seconds left.\n|inactive|GFORCEPKMN has 20 seconds left.\n|inactive|GFORCEPKMN has 15 seconds left.\n|\n|t:|1682622948\n|move|p1b: Chien-Pao|Protect|p1b: Chien-Pao\n|-singleturn|p1b: Chien-Pao|Protect\n|move|p2b: Tatsugiri|Protect|p2b: Tatsugiri\n|-singleturn|p2b: Tatsugiri|Protect\n|move|p1a: Dragonite|Protect|p1a: Dragonite\n|-singleturn|p1a: Dragonite|Protect\n|move|p2a: Flutter Mane|Perish Song|p2a: Flutter Mane\n|-start|p1a: Dragonite|perish3|[silent]\n|-start|p1b: Chien-Pao|perish3|[silent]\n|-start|p2a: Flutter Mane|perish3|[silent]\n|-start|p2b: Tatsugiri|perish3|[silent]\n|-fieldactivate|move: Perish Song\n|\n|-start|p2a: Flutter Mane|perish3\n|-start|p1b: Chien-Pao|perish3\n|-start|p2b: Tatsugiri|perish3\n|-start|p1a: Dragonite|perish3\n|upkeep\n|turn|2\n|inactive|GFORCEPKMN has 30 seconds left.\n|inactive|Steakman5 has 30 seconds left.\n|inactive|GFORCEPKMN has 20 seconds left.\n|inactive|Steakman5 has 20 seconds left.\n|inactive|Steakman5 has 15 seconds left.\n|\n|t:|1682622992\n|-end|p2a: Flutter Mane|Protosynthesis|[silent]\n|switch|p2a: Dondozo|Dondozo, L50, M|100\/100\n|-activate|p2b: Tatsugiri|ability: Commander|[of] p2a: Dondozo\n|-boost|p2a: Dondozo|atk|2\n|-boost|p2a: Dondozo|spa|2\n|-boost|p2a: Dondozo|spe|2\n|-boost|p2a: Dondozo|def|2\n|-boost|p2a: Dondozo|spd|2\n|move|p1a: Dragonite|Extreme Speed|p2b: Tatsugiri|[miss]\n|-miss|p1a: Dragonite|p2b: Tatsugiri\n|move|p1b: Chien-Pao|Ice Spinner|p2b: Tatsugiri|[miss]\n|-miss|p1b: Chien-Pao|p2b: Tatsugiri\n|\n|-start|p1b: Chien-Pao|perish2\n|-start|p2b: Tatsugiri|perish2\n|-start|p1a: Dragonite|perish2\n|upkeep\n|turn|3\n|inactive|GFORCEPKMN has 30 seconds left.\n|inactive|GFORCEPKMN has 20 seconds left.\n|inactive|GFORCEPKMN has 15 seconds left.\n|\n|t:|1682623033\n|switch|p1b: Drednaw|Drednaw, L50, M|100\/100\n|switch|p1a: Pelipper|Pelipper, L50, F|100\/100\n|-weather|RainDance|[from] ability: Drizzle|[of] p1a: Pelipper\n|-terastallize|p2a: Dondozo|Water\n|move|p2a: Dondozo|Surf|p1b: Drednaw|[spread] p1a,p1b\n|-miss|p2a: Dondozo|p2b: Tatsugiri\n|-resisted|p1a: Pelipper\n|-damage|p1a: Pelipper|19\/100\n|-damage|p1b: Drednaw|0 fnt\n|faint|p1b: Drednaw\n|-damage|p2a: Dondozo|91\/100|[from] item: Life Orb\n|\n|-weather|RainDance|[upkeep]\n|-start|p2b: Tatsugiri|perish1\n|upkeep\n|-message|GFORCEPKMN forfeited.\n|\n|win|Steakman5\n|raw|GFORCEPKMN's rating: 1303 → 1281<\/strong> (-22 for losing)\n|raw|Steakman5's rating: 1260 → 1288<\/strong> (+28 for winning)\n|l|\u2606GFORCEPKMN\n","uploadtime":1682623051,"views":4,"p1id":"gforcepkmn","p2id":"steakman5","formatid":"gen9vgc2023regulationc","rating":1281,"private":0,"password":""}