{"id":"gen9vgc2023regulationc-1857787448","p1":"zugasteam","p2":"Bananenen","format":"[Gen 9] VGC 2023 Regulation C","log":"|j|\u2606zugasteam\n|j|\u2606Bananenen\n|t:|1683231743\n|gametype|doubles\n|player|p1|zugasteam|266|1471\n|player|p2|Bananenen|kahili|1469\n|teamsize|p1|6\n|teamsize|p2|6\n|gen|9\n|tier|[Gen 9] VGC 2023 Regulation C\n|rated|\n|rule|Species Clause: Limit one of each Pok\u00e9mon\n|rule|Item Clause: Limit one of each item\n|clearpoke\n|poke|p1|Dondozo, L50, F|\n|poke|p1|Tatsugiri, L50, F|\n|poke|p1|Kingambit, L50, M|\n|poke|p1|Torkoal, L50, M|\n|poke|p1|Hatterene, L50, F|\n|poke|p1|Indeedee-F, L50, F|\n|poke|p2|Dondozo, L50, M|\n|poke|p2|Tatsugiri-Droopy, L50, M|\n|poke|p2|Pelipper, L50, M|\n|poke|p2|Kilowattrel, L50, M|\n|poke|p2|Baxcalibur, L50, F|\n|poke|p2|Kingambit, L50, M|\n|teampreview|4\n|inactive|Battle timer is ON: inactive players will automatically lose when time's up. (requested by Bananenen)\n|\n|t:|1683231760\n|start\n|switch|p1a: Indeedee|Indeedee-F, L50, F|100\/100\n|switch|p1b: Hatterene|Hatterene, L50, F|100\/100\n|switch|p2a: Pelipper|Pelipper, L50, M|100\/100\n|switch|p2b: Dondozo|Dondozo, L50, M|100\/100\n|-fieldstart|move: Psychic Terrain|[from] ability: Psychic Surge|[of] p1a: Indeedee\n|-enditem|p1a: Indeedee|Psychic Seed\n|-boost|p1a: Indeedee|spd|1|[from] item: Psychic Seed\n|-weather|RainDance|[from] ability: Drizzle|[of] p2a: Pelipper\n|turn|1\n|\n|t:|1683231772\n|switch|p2a: Tatsugiri|Tatsugiri-Droopy, L50, M, shiny|100\/100\n|-activate|p2a: Tatsugiri|ability: Commander|[of] p2b: Dondozo\n|-boost|p2b: Dondozo|atk|2\n|-boost|p2b: Dondozo|spa|2\n|-boost|p2b: Dondozo|spe|2\n|-boost|p2b: Dondozo|def|2\n|-boost|p2b: Dondozo|spd|2\n|-terastallize|p2b: Dondozo|Water\n|move|p1a: Indeedee|Follow Me|p1a: Indeedee\n|-singleturn|p1a: Indeedee|move: Follow Me\n|move|p2b: Dondozo|Surf|p1b: Hatterene|[spread] p1a,p1b\n|-miss|p2b: Dondozo|p2a: Tatsugiri\n|-damage|p1a: Indeedee|0 fnt\n|-damage|p1b: Hatterene|0 fnt\n|faint|p1a: Indeedee\n|faint|p1b: Hatterene\n|-damage|p2b: Dondozo|91\/100|[from] item: Life Orb\n|\n|-weather|RainDance|[upkeep]\n|upkeep\n|\n|t:|1683231782\n|switch|p1a: Torkoal|Torkoal, L50, M|100\/100\n|switch|p1b: Kingambit|Kingambit, L50, M|100\/100\n|-weather|SunnyDay|[from] ability: Drought|[of] p1a: Torkoal\n|turn|2\n|\n|t:|1683231797\n|move|p2b: Dondozo|Surf|p1b: Kingambit|[spread] p1a,p1b\n|-miss|p2b: Dondozo|p2a: Tatsugiri\n|-supereffective|p1a: Torkoal\n|-damage|p1a: Torkoal|0 fnt\n|-damage|p1b: Kingambit|63\/100\n|faint|p1a: Torkoal\n|-damage|p2b: Dondozo|81\/100|[from] item: Life Orb\n|move|p1b: Kingambit|Swords Dance|p1b: Kingambit\n|-boost|p1b: Kingambit|atk|2\n|\n|-weather|SunnyDay|[upkeep]\n|upkeep\n|turn|3\n|\n|t:|1683231807\n|move|p2b: Dondozo|Wave Crash|p1b: Kingambit\n|-crit|p1b: Kingambit\n|-damage|p1b: Kingambit|0 fnt\n|faint|p1b: Kingambit\n|-damage|p2b: Dondozo|62\/100|[from] Recoil\n|-damage|p2b: Dondozo|52\/100|[from] item: Life Orb\n|\n|win|Bananenen\n|raw|zugasteam's rating: 1471 → 1451<\/strong> (-20 for losing)\n|raw|Bananenen's rating: 1469 → 1489<\/strong> (+20 for winning)\n|l|\u2606zugasteam\n","uploadtime":1683231831,"views":27,"p1id":"zugasteam","p2id":"bananenen","formatid":"gen9vgc2023regulationc","rating":1451,"private":0,"password":""}