{"id":"gen9vgc2023regulationc-1864371990","p1":"Mha\u2019vreek","p2":"Profkoji","format":"[Gen 9] VGC 2023 Regulation C","log":"|j|\u2606Mha\u2019vreek\n|j|\u2606Profkoji\n|t:|1684160556\n|gametype|doubles\n|player|p1|Mha\u2019vreek|266|1362\n|player|p2|Profkoji|169|1377\n|teamsize|p1|6\n|teamsize|p2|6\n|gen|9\n|tier|[Gen 9] VGC 2023 Regulation C\n|rated|\n|rule|Species Clause: Limit one of each Pok\u00e9mon\n|rule|Item Clause: Limit one of each item\n|clearpoke\n|poke|p1|Great Tusk, L50|\n|poke|p1|Murkrow, L50, F|\n|poke|p1|Kingambit, L50, F|\n|poke|p1|Flutter Mane, L50|\n|poke|p1|Rotom-Heat, L50|\n|poke|p1|Iron Hands, L50|\n|poke|p2|Hatterene, L50, F|\n|poke|p2|Indeedee-F, L50, F|\n|poke|p2|Armarouge, L50, F|\n|poke|p2|Torkoal, L50, M|\n|poke|p2|Iron Hands, L50|\n|poke|p2|Lilligant, L50, F|\n|teampreview|4\n|inactive|Battle timer is ON: inactive players will automatically lose when time's up. (requested by Mha\u2019vreek)\n|\n|t:|1684160592\n|start\n|switch|p1a: Great Tusk|Great Tusk, L50, shiny|100\/100\n|switch|p1b: Flutter Mane|Flutter Mane, L50|100\/100\n|switch|p2a: Hatterene|Hatterene, L50, F|100\/100\n|switch|p2b: Indeedee|Indeedee-F, L50, F|100\/100\n|-fieldstart|move: Psychic Terrain|[from] ability: Psychic Surge|[of] p2b: Indeedee\n|turn|1\n|l|\u2606Profkoji\n|inactive|Profkoji disconnected and has a minute to reconnect!\n|player|p2|\n|j|\u2606Profkoji\n|inactive|Profkoji reconnected and has 55 seconds left.\n|player|p2|Profkoji|169\n|\n|t:|1684160608\n|-terastallize|p1a: Great Tusk|Ground\n|move|p2b: Indeedee|Follow Me|p2b: Indeedee\n|-singleturn|p2b: Indeedee|move: Follow Me\n|move|p1a: Great Tusk|Headlong Rush|p2b: Indeedee\n|-damage|p2b: Indeedee|0 fnt\n|-unboost|p1a: Great Tusk|def|1\n|-unboost|p1a: Great Tusk|spd|1\n|faint|p2b: Indeedee\n|-damage|p1a: Great Tusk|90\/100|[from] item: Life Orb\n|move|p1b: Flutter Mane|Trick Room|p1b: Flutter Mane\n|-fieldstart|move: Trick Room|[of] p1b: Flutter Mane\n|move|p2a: Hatterene|Trick Room|p2a: Hatterene\n|-fieldend|move: Trick Room\n|\n|upkeep\n|\n|t:|1684160625\n|switch|p2b: Lilligant|Lilligant, L50, F|100\/100\n|turn|2\n|\n|t:|1684160642\n|switch|p2a: Torkoal|Torkoal, L50, M|100\/100\n|-weather|SunnyDay|[from] ability: Drought|[of] p2a: Torkoal\n|-activate|p1b: Flutter Mane|ability: Protosynthesis\n|-start|p1b: Flutter Mane|protosynthesisspa\n|-activate|p1a: Great Tusk|ability: Protosynthesis\n|-start|p1a: Great Tusk|protosynthesisatk\n|move|p1a: Great Tusk|Protect|p1a: Great Tusk\n|-singleturn|p1a: Great Tusk|Protect\n|move|p2b: Lilligant|Encore|p1b: Flutter Mane\n|-start|p1b: Flutter Mane|Encore\n|move|p1b: Flutter Mane|Trick Room|p1b: Flutter Mane\n|-fieldstart|move: Trick Room|[of] p1b: Flutter Mane\n|\n|-weather|SunnyDay|[upkeep]\n|upkeep\n|turn|3\n|\n|t:|1684160667\n|-end|p1a: Great Tusk|Protosynthesis|[silent]\n|switch|p1a: Iron Hands|Iron Hands, L50|100\/100\n|-terastallize|p2a: Torkoal|Fire\n|move|p2a: Torkoal|Eruption|p1b: Flutter Mane|[spread] p1a,p1b\n|-damage|p1a: Iron Hands|32\/100\n|-damage|p1b: Flutter Mane|3\/100\n|move|p2b: Lilligant|Leaf Storm|p1b: Flutter Mane\n|-damage|p1b: Flutter Mane|0 fnt\n|-unboost|p2b: Lilligant|spa|2\n|faint|p1b: Flutter Mane\n|-end|p1b: Flutter Mane|Protosynthesis|[silent]\n|\n|-weather|SunnyDay|[upkeep]\n|upkeep\n|l|\u2606Mha\u2019vreek\n|inactive|Mha\u2019vreek disconnected and has a minute to reconnect!\n|player|p1|\n|inactive|Mha\u2019vreek has 30 seconds left.\n|inactive|Mha\u2019vreek has 20 seconds left.\n|inactive|Mha\u2019vreek has 15 seconds left.\n|l|\u2606Profkoji\n|inactive|Profkoji disconnected and has a minute to reconnect!\n|player|p2|\n|j|\u2606Profkoji\n|inactive|Profkoji reconnected.\n|player|p2|Profkoji|169\n|inactive|Mha\u2019vreek has 10 seconds left.\n|inactive|Mha\u2019vreek has 5 seconds left.\n|-message|Mha\u2019vreek lost due to inactivity.\n|\n|win|Profkoji\n|raw|Mha\u2019vreek's rating: 1362 → 1343<\/strong> (-19 for losing)\n|raw|Profkoji's rating: 1377 → 1396<\/strong> (+19 for winning)\n","uploadtime":1684160739,"views":6,"p1id":"mhavreek","p2id":"profkoji","formatid":"gen9vgc2023regulationc","rating":1343,"private":0,"password":""}