{"id":"gen9vgc2023regulationc-1848339170","p1":"grade a type b","p2":"Emberbloom","format":"[Gen 9] VGC 2023 Regulation C","log":"|j|\u2606grade a type b\n|j|\u2606Emberbloom\n|t:|1682063153\n|gametype|doubles\n|player|p1|grade a type b|170|1450\n|player|p2|Emberbloom|flannery|1387\n|teamsize|p1|6\n|teamsize|p2|6\n|gen|9\n|tier|[Gen 9] VGC 2023 Regulation C\n|rated|\n|rule|Species Clause: Limit one of each Pok\u00e9mon\n|rule|Item Clause: Limit one of each item\n|clearpoke\n|poke|p1|Armarouge, L50, F|\n|poke|p1|Indeedee-F, L50, F|\n|poke|p1|Flutter Mane, L50|\n|poke|p1|Iron Bundle, L50|\n|poke|p1|Chi-Yu, L50|\n|poke|p1|Dachsbun, L50, F|\n|poke|p2|Corviknight, L50, M|\n|poke|p2|Tyranitar, L50, M|\n|poke|p2|Garchomp, L50, M|\n|poke|p2|Amoonguss, L50, M|\n|poke|p2|Arcanine, L50, F|\n|poke|p2|Iron Bundle, L50|\n|teampreview|4\n|\n|t:|1682063183\n|start\n|switch|p1a: Armarouge|Armarouge, L50, F|100\/100\n|switch|p1b: Iron Bundle|Iron Bundle, L50|100\/100\n|switch|p2a: Garchomp|Garchomp, L50, M|100\/100\n|switch|p2b: Arcanine|Arcanine, L50, F|100\/100\n|-ability|p2b: Arcanine|Intimidate|boost\n|-unboost|p1a: Armarouge|atk|1\n|-unboost|p1b: Iron Bundle|atk|1\n|-enditem|p1b: Iron Bundle|Booster Energy\n|-activate|p1b: Iron Bundle|ability: Quark Drive|[fromitem]\n|-start|p1b: Iron Bundle|quarkdrivespe\n|turn|1\n|\n|t:|1682063220\n|-terastallize|p1a: Armarouge|Dark\n|move|p2a: Garchomp|Protect|p2a: Garchomp\n|-singleturn|p2a: Garchomp|Protect\n|move|p2b: Arcanine|Extreme Speed|p1b: Iron Bundle\n|-crit|p1b: Iron Bundle\n|-damage|p1b: Iron Bundle|65\/100\n|move|p1b: Iron Bundle|U-turn|p1a: Armarouge\n|-supereffective|p1a: Armarouge\n|-damage|p1a: Armarouge|81\/100\n|-ability|p1a: Armarouge|Weak Armor|boost\n|-unboost|p1a: Armarouge|def|1\n|-boost|p1a: Armarouge|spe|2\n|-enditem|p1a: Armarouge|Weakness Policy\n|-boost|p1a: Armarouge|atk|2|[from] item: Weakness Policy\n|-boost|p1a: Armarouge|spa|2|[from] item: Weakness Policy\n|\n|t:|1682063223\n|-end|p1b: Iron Bundle|Quark Drive|[silent]\n|switch|p1b: Indeedee|Indeedee-F, L50, F|100\/100|[from] U-turn\n|-fieldstart|move: Psychic Terrain|[from] ability: Psychic Surge|[of] p1b: Indeedee\n|-enditem|p1b: Indeedee|Psychic Seed\n|-boost|p1b: Indeedee|spd|1|[from] item: Psychic Seed\n|move|p1a: Armarouge|Expanding Force|p2b: Arcanine|[spread] p2b\n|-activate|p2a: Garchomp|move: Protect\n|-damage|p2b: Arcanine|0 fnt\n|faint|p2b: Arcanine\n|\n|upkeep\n|\n|t:|1682063239\n|switch|p2b: Tyranitar|Tyranitar, L50, M, shiny|100\/100\n|-weather|Sandstorm|[from] ability: Sand Stream|[of] p2b: Tyranitar\n|turn|2\n|\n|t:|1682063267\n|-terastallize|p2b: Tyranitar|Flying\n|move|p1b: Indeedee|Helping Hand|p1a: Armarouge\n|-singleturn|p1a: Armarouge|Helping Hand|[of] p1b: Indeedee\n|move|p1a: Armarouge|Expanding Force|p2b: Tyranitar|[spread] p2a,p2b\n|-damage|p2a: Garchomp|0 fnt\n|-damage|p2b: Tyranitar|2\/100\n|faint|p2a: Garchomp\n|move|p2b: Tyranitar|Low Kick|p1a: Armarouge\n|-supereffective|p1a: Armarouge\n|-damage|p1a: Armarouge|0 fnt\n|faint|p1a: Armarouge\n|\n|-weather|Sandstorm|[upkeep]\n|-damage|p1b: Indeedee|94\/100|[from] Sandstorm\n|-damage|p2b: Tyranitar|0 fnt|[from] Sandstorm\n|faint|p2b: Tyranitar\n|upkeep\n|\n|t:|1682063282\n|switch|p1a: Iron Bundle|Iron Bundle, L50|65\/100\n|switch|p2b: Iron Bundle|Iron Bundle, L50|100\/100\n|-enditem|p2b: Iron Bundle|Booster Energy\n|-activate|p2b: Iron Bundle|ability: Quark Drive|[fromitem]\n|-start|p2b: Iron Bundle|quarkdrivespe\n|turn|3\n|\n|t:|1682063292\n|move|p1b: Indeedee|Follow Me|p1b: Indeedee\n|-singleturn|p1b: Indeedee|move: Follow Me\n|move|p2b: Iron Bundle|Icy Wind|p1b: Indeedee|[spread] p1a,p1b\n|-resisted|p1a: Iron Bundle\n|-damage|p1a: Iron Bundle|54\/100\n|-damage|p1b: Indeedee|81\/100\n|-unboost|p1a: Iron Bundle|spe|1\n|-unboost|p1b: Indeedee|spe|1\n|move|p1a: Iron Bundle|Freeze-Dry|p2b: Iron Bundle\n|-damage|p2b: Iron Bundle|31\/100\n|\n|-weather|Sandstorm|[upkeep]\n|-damage|p2b: Iron Bundle|25\/100|[from] Sandstorm\n|-damage|p1a: Iron Bundle|48\/100|[from] Sandstorm\n|-damage|p1b: Indeedee|75\/100|[from] Sandstorm\n|upkeep\n|turn|4\n|\n|t:|1682063299\n|move|p1b: Indeedee|Follow Me|p1b: Indeedee\n|-singleturn|p1b: Indeedee|move: Follow Me\n|move|p2b: Iron Bundle|Freeze-Dry|p1b: Indeedee\n|-damage|p1b: Indeedee|54\/100\n|move|p1a: Iron Bundle|Freeze-Dry|p2b: Iron Bundle\n|-damage|p2b: Iron Bundle|0 fnt\n|faint|p2b: Iron Bundle\n|-end|p2b: Iron Bundle|Quark Drive|[silent]\n|\n|win|grade a type b\n|raw|grade a type b's rating: 1450 → 1466<\/strong> (+16 for winning)\n|raw|Emberbloom's rating: 1387 → 1371<\/strong> (-16 for losing)\n","uploadtime":1682063305,"views":6,"p1id":"gradeatypeb","p2id":"emberbloom","formatid":"gen9vgc2023regulationc","rating":1371,"private":0,"password":""}