{"id":"gen9vgc2023regulationc-1849975099","p1":"Terry kloak","p2":"ionnss","format":"[Gen 9] VGC 2023 Regulation C","log":"|j|\u2606Terry kloak\n|j|\u2606ionnss\n|t:|1682274027\n|gametype|doubles\n|player|p1|Terry kloak|gentleman-gen4|1619\n|player|p2|ionnss|pokekid-gen8|1709\n|teamsize|p1|6\n|teamsize|p2|6\n|gen|9\n|tier|[Gen 9] VGC 2023 Regulation C\n|rated|\n|rule|Species Clause: Limit one of each Pok\u00e9mon\n|rule|Item Clause: Limit one of each item\n|clearpoke\n|poke|p1|Ceruledge, L50, F|\n|poke|p1|Orthworm, L50, M|\n|poke|p1|Ting-Lu, L50|\n|poke|p1|Dragonite, L50, M|\n|poke|p1|Iron Bundle, L50|\n|poke|p1|Gyarados, L50, M|\n|poke|p2|Great Tusk, L50|\n|poke|p2|Flutter Mane, L50|\n|poke|p2|Annihilape, L50, F|\n|poke|p2|Gothitelle, L50, F|\n|poke|p2|Indeedee-F, L50, F|\n|poke|p2|Chien-Pao, L50|\n|teampreview|4\n|inactive|Battle timer is ON: inactive players will automatically lose when time's up. (requested by ionnss)\n|j| VGCLight\nionnss has agreed to open team sheets.\n|inactive|ionnss has 60 seconds left.\n|inactive|Terry kloak has 60 seconds left.\n|\n|t:|1682274086\n|start\n|switch|p1a: Ting-Lu|Ting-Lu, L50|100\/100\n|switch|p1b: Orthworm|Orthworm, L50, M|100\/100\n|switch|p2a: Flutter Mane|Flutter Mane, L50|100\/100\n|switch|p2b: Annihilape|Annihilape, L50, F|100\/100\n|-ability|p1a: Ting-Lu|Vessel of Ruin\n|-enditem|p2a: Flutter Mane|Booster Energy\n|-activate|p2a: Flutter Mane|ability: Protosynthesis|[fromitem]\n|-start|p2a: Flutter Mane|protosynthesisspa\n|turn|1\n|l| VGCLight\n|inactive|ionnss has 30 seconds left.\n|\n|t:|1682274113\n|move|p2a: Flutter Mane|Substitute|p2a: Flutter Mane\n|-start|p2a: Flutter Mane|Substitute\n|-damage|p2a: Flutter Mane|76\/100\n|move|p2b: Annihilape|Close Combat|p1b: Orthworm\n|-supereffective|p1b: Orthworm\n|-damage|p1b: Orthworm|27\/100\n|-unboost|p2b: Annihilape|def|1\n|-unboost|p2b: Annihilape|spd|1\n|-enditem|p1b: Orthworm|Sitrus Berry|[eat]\n|-heal|p1b: Orthworm|51\/100|[from] item: Sitrus Berry\n|move|p1a: Ting-Lu|Earthquake|p2a: Flutter Mane|[spread] p2a,p2b\n|-heal|p1b: Orthworm|76\/100|[from] ability: Earth Eater|[of] p1a: Ting-Lu\n|-end|p2a: Flutter Mane|Substitute\n|-damage|p2b: Annihilape|51\/100\n|move|p1b: Orthworm|Shed Tail|p1b: Orthworm\n|-start|p1b: Orthworm|Substitute|[from] move: Shed Tail\n|-damage|p1b: Orthworm|26\/100\n|\n|t:|1682274130\n|switch|p1b: Dragonite|Dragonite, L50, M|100\/100|[from] Shed Tail\n|\n|upkeep\n|turn|2\n|\n|t:|1682274155\n|-terastallize|p1b: Dragonite|Flying\n|move|p2a: Flutter Mane|Protect|p2a: Flutter Mane\n|-singleturn|p2a: Flutter Mane|Protect\n|move|p1b: Dragonite|Dragon Dance|p1b: Dragonite\n|-boost|p1b: Dragonite|atk|1\n|-boost|p1b: Dragonite|spe|1\n|move|p2b: Annihilape|Stone Edge|p1b: Dragonite\n|-supereffective|p1b: Dragonite\n|-end|p1b: Dragonite|Substitute\n|move|p1a: Ting-Lu|Earthquake|p2b: Annihilape|[spread] p2b\n|-activate|p2a: Flutter Mane|move: Protect\n|-immune|p1b: Dragonite\n|-damage|p2b: Annihilape|1\/100\n|\n|upkeep\n|turn|3\n|inactive|ionnss has 30 seconds left.\n|inactive|ionnss has 20 seconds left.\n|inactive|ionnss has 15 seconds left.\n|inactive|ionnss has 10 seconds left.\n|inactive|ionnss has 5 seconds left.\n|\n|t:|1682274205\n|switch|p1a: Orthworm|Orthworm, L50, M|26\/100\n|move|p1b: Dragonite|Earthquake|p2b: Annihilape|[spread] p2a,p2b\n|-heal|p1a: Orthworm|50\/100|[from] ability: Earth Eater|[of] p1b: Dragonite\n|-damage|p2a: Flutter Mane|0 fnt\n|-damage|p2b: Annihilape|0 fnt\n|faint|p2a: Flutter Mane\n|-end|p2a: Flutter Mane|Protosynthesis|[silent]\n|faint|p2b: Annihilape\n|\n|upkeep\n|\n|t:|1682274211\n|switch|p2a: stay calm|Indeedee-F, L50, F|100\/100\n|switch|p2b: Great Tusk|Great Tusk, L50|100\/100\n|-fieldstart|move: Psychic Terrain|[from] ability: Psychic Surge|[of] p2a: stay calm\n|turn|4\n|-message|ionnss forfeited.\n|\n|win|Terry kloak\n|raw|Terry kloak's rating: 1619 → 1644<\/strong> (+25 for winning)\n|raw|ionnss's rating: 1709 → 1684<\/strong> (-25 for losing)\n|l|\u2606ionnss\n","uploadtime":1682274226,"views":11,"p1id":"terrykloak","p2id":"ionnss","formatid":"gen9vgc2023regulationc","rating":1644,"private":0,"password":""}