{"id":"gen9vgc2023regulationc-1850872013","p1":"M0AK","p2":"Jdelly30","format":"[Gen 9] VGC 2023 Regulation C","log":"|j|\u2606M0AK\n|j|\u2606Jdelly30\n|t:|1682376691\n|gametype|doubles\n|player|p1|M0AK|guzma|1085\n|player|p2|Jdelly30|lucas|1021\n|teamsize|p1|6\n|teamsize|p2|6\n|gen|9\n|tier|[Gen 9] VGC 2023 Regulation C\n|rated|\n|rule|Species Clause: Limit one of each Pok\u00e9mon\n|rule|Item Clause: Limit one of each item\n|clearpoke\n|poke|p1|Ting-Lu, L50|\n|poke|p1|Tyranitar, L50, F|\n|poke|p1|Lycanroc, L50, F|\n|poke|p1|Flutter Mane, L50|\n|poke|p1|Amoonguss, L50, M|\n|poke|p1|Palafin, L50, M|\n|poke|p2|Flutter Mane, L50|\n|poke|p2|Arcanine, L50, F|\n|poke|p2|Iron Bundle, L50|\n|poke|p2|Kingambit, L50, M|\n|poke|p2|Breloom, L50, M|\n|poke|p2|Farigiraf, L50, F|\n|teampreview|4\n|inactive|Battle timer is ON: inactive players will automatically lose when time's up. (requested by Jdelly30)\n|inactive|M0AK also wants the timer to be on.\n|inactive|M0AK has 60 seconds left.\n|inactive|Jdelly30 has 60 seconds left.\n|\n|t:|1682376733\n|start\n|switch|p1a: Lycanroc|Lycanroc, L50, F|100\/100\n|switch|p1b: Flutter Mane|Flutter Mane, L50|100\/100\n|switch|p2a: Breloom|Breloom, L50, M|100\/100\n|switch|p2b: Arcanine|Arcanine, L50, F|100\/100\n|-ability|p2b: Arcanine|Intimidate|boost\n|-unboost|p1a: Lycanroc|atk|1\n|-unboost|p1b: Flutter Mane|atk|1\n|turn|1\n|inactive|M0AK has 30 seconds left.\n|\n|t:|1682376766\n|-terastallize|p1a: Lycanroc|Ghost\n|-terastallize|p2a: Breloom|Poison\n|move|p1b: Flutter Mane|Shadow Ball|p2b: Arcanine\n|-damage|p2b: Arcanine|33\/100\n|-unboost|p2b: Arcanine|spd|1\n|move|p1a: Lycanroc|Rock Slide|p2a: Breloom|[spread] p2a,p2b\n|-supereffective|p2b: Arcanine\n|-damage|p2a: Breloom|77\/100\n|-damage|p2b: Arcanine|0 fnt\n|faint|p2b: Arcanine\n|move|p2a: Breloom|Poison Jab|p1b: Flutter Mane\n|-damage|p1b: Flutter Mane|31\/100\n|\n|upkeep\n|\n|t:|1682376782\n|switch|p2b: Kingambit|Kingambit, L50, M|100\/100\n|turn|2\n|\n|t:|1682376807\n|switch|p1a: Ting-Lu|Ting-Lu, L50|100\/100\n|-ability|p1a: Ting-Lu|Vessel of Ruin\n|move|p1b: Flutter Mane|Shadow Ball|p2a: Breloom\n|-damage|p2a: Breloom|0 fnt\n|faint|p2a: Breloom\n|move|p2b: Kingambit|Iron Head|p1b: Flutter Mane\n|-supereffective|p1b: Flutter Mane\n|-damage|p1b: Flutter Mane|0 fnt\n|faint|p1b: Flutter Mane\n|-end|p1b: Flutter Mane|Protosynthesis|[silent]\n|\n|upkeep\n|\n|t:|1682376818\n|switch|p1b: Tyranitar|Tyranitar, L50, F|100\/100\n|switch|p2a: Iron Bundle|Iron Bundle, L50|100\/100\n|-weather|Sandstorm|[from] ability: Sand Stream|[of] p1b: Tyranitar\n|turn|3\n|\n|t:|1682376832\n|move|p2a: Iron Bundle|Freeze-Dry|p1a: Ting-Lu\n|-supereffective|p1a: Ting-Lu\n|-damage|p1a: Ting-Lu|69\/100\n|move|p1b: Tyranitar|Low Kick|p2b: Kingambit\n|-supereffective|p2b: Kingambit\n|-damage|p2b: Kingambit|0 fnt\n|faint|p2b: Kingambit\n|-damage|p1b: Tyranitar|91\/100|[from] item: Life Orb\n|move|p1a: Ting-Lu|Heavy Slam|p2a: Iron Bundle\n|-damage|p2a: Iron Bundle|63\/100\n|\n|-weather|Sandstorm|[upkeep]\n|-damage|p2a: Iron Bundle|57\/100|[from] Sandstorm\n|upkeep\n|turn|4\n|-message|Jdelly30 forfeited.\n|\n|win|M0AK\n|raw|M0AK's rating: 1085 → 1107<\/strong> (+22 for winning)\n|raw|Jdelly30's rating: 1021 → 1010<\/strong> (-11 for losing)\n|l|\u2606Jdelly30\n","uploadtime":1682376854,"views":11,"p1id":"m0ak","p2id":"jdelly30","formatid":"gen9vgc2023regulationc","rating":1010,"private":0,"password":""}