{"id":"gen9vgc2023regulationc-1848152320","p1":"argren","p2":"UncleDrewTest","format":"[Gen 9] VGC 2023 Regulation C","log":"|j|\u2606argren\n|j|\u2606UncleDrewTest\n|t:|1682035852\n|gametype|doubles\n|player|p1|argren|pokemaniac|1093\n|player|p2|UncleDrewTest|102|1130\n|teamsize|p1|6\n|teamsize|p2|6\n|gen|9\n|tier|[Gen 9] VGC 2023 Regulation C\n|rated|\n|rule|Species Clause: Limit one of each Pok\u00e9mon\n|rule|Item Clause: Limit one of each item\n|clearpoke\n|poke|p1|Oranguru, L50, M|\n|poke|p1|Gyarados, L50, F|\n|poke|p1|Grimmsnarl, L50, M|\n|poke|p1|Armarouge, L50, M|\n|poke|p1|Florges-White, L50, F|\n|poke|p1|Gastrodon-East, L50, F|\n|poke|p2|Chi-Yu, L50|\n|poke|p2|Iron Jugulis, L50|\n|poke|p2|Flutter Mane, L50|\n|poke|p2|Annihilape, L50, M|\n|poke|p2|Maushold, L50|\n|poke|p2|Great Tusk, L50|\n|teampreview|4\n|\n|t:|1682035904\n|start\n|switch|p1a: Grimmsnarl|Grimmsnarl, L50, M, shiny|100\/100\n|switch|p1b: Gyarados|Gyarados, L50, F|100\/100\n|switch|p2a: Maushold|Maushold, L50|100\/100\n|switch|p2b: Annihilape|Annihilape, L50, M|100\/100\n|turn|1\n|\n|t:|1682035930\n|move|p1a: Grimmsnarl|Fake Out|p2a: Maushold\n|-damage|p2a: Maushold|76\/100\n|-damage|p1a: Grimmsnarl|91\/100|[from] item: Life Orb\n|cant|p2a: Maushold|flinch\n|move|p1b: Gyarados|Dragon Dance|p1b: Gyarados\n|-boost|p1b: Gyarados|atk|1\n|-boost|p1b: Gyarados|spe|1\n|move|p2b: Annihilape|Rage Fist|p1b: Gyarados\n|-damage|p1b: Gyarados|72\/100\n|\n|upkeep\n|turn|2\n|\n|t:|1682035947\n|move|p1a: Grimmsnarl|Thunder Wave|p2b: Annihilape\n|-status|p2b: Annihilape|par\n|move|p1b: Gyarados|Aqua Tail|p2a: Maushold\n|-damage|p2a: Maushold|0 fnt\n|faint|p2a: Maushold\n|-ability|p1b: Gyarados|Moxie|boost\n|-boost|p1b: Gyarados|atk|1\n|move|p2b: Annihilape|Rage Fist|p1b: Gyarados\n|-damage|p1b: Gyarados|43\/100\n|\n|upkeep\n|\n|t:|1682035954\n|switch|p2a: Flutter Mane|Flutter Mane, L50|100\/100\n|turn|3\n|\n|t:|1682035967\n|move|p1a: Grimmsnarl|Thunder Wave|p2a: Flutter Mane\n|-status|p2a: Flutter Mane|par\n|move|p1b: Gyarados|Aqua Tail|p2b: Annihilape\n|-damage|p2b: Annihilape|5\/100 par\n|move|p2a: Flutter Mane|Dazzling Gleam|p1a: Grimmsnarl|[spread] p1a,p1b\n|-supereffective|p1a: Grimmsnarl\n|-damage|p1a: Grimmsnarl|12\/100\n|-damage|p1b: Gyarados|5\/100\n|-damage|p2a: Flutter Mane|91\/100 par|[from] item: Life Orb\n|move|p2b: Annihilape|Bulk Up|p2b: Annihilape\n|-boost|p2b: Annihilape|atk|1\n|-boost|p2b: Annihilape|def|1\n|\n|-heal|p2b: Annihilape|11\/100 par|[from] item: Leftovers\n|upkeep\n|turn|4\n|\n|t:|1682036003\n|-terastallize|p2a: Flutter Mane|Steel\n|move|p1b: Gyarados|Aqua Tail|p2a: Flutter Mane\n|-damage|p2a: Flutter Mane|0 fnt\n|faint|p2a: Flutter Mane\n|-end|p2a: Flutter Mane|Protosynthesis|[silent]\n|-ability|p1b: Gyarados|Moxie|boost\n|-boost|p1b: Gyarados|atk|1\n|move|p1a: Grimmsnarl|Spirit Break|p2b: Annihilape\n|-supereffective|p2b: Annihilape\n|-damage|p2b: Annihilape|0 fnt\n|faint|p2b: Annihilape\n|-damage|p1a: Grimmsnarl|2\/100|[from] item: Life Orb\n|\n|upkeep\n|l|\u2606UncleDrewTest\n|player|p2|\n|inactive|Battle timer is ON: inactive players will automatically lose when time's up. (requested by argren)\n|n|!argren|argren\n|inactive|UncleDrewTest has 30 seconds to reconnect!\n|inactive|UncleDrewTest has 20 seconds to reconnect!\n|inactive|UncleDrewTest has 15 seconds to reconnect!\n|inactive|UncleDrewTest has 10 seconds to reconnect!\n|inactive|UncleDrewTest has 5 seconds to reconnect!\n|-message|UncleDrewTest lost due to inactivity.\n|\n|win|argren\n|raw|argren's rating: 1093 → 1119<\/strong> (+26 for winning)\n|raw|UncleDrewTest's rating: 1089 → 1066<\/strong> (-23 for losing)\n","uploadtime":1682036077,"views":4,"p1id":"argren","p2id":"uncledrewtest","formatid":"gen9vgc2023regulationc","rating":1066,"private":0,"password":""}