{"id":"gen9vgc2023regulationc-1863726232","p1":"Andrey.iam7","p2":"WackoMarko","format":"[Gen 9] VGC 2023 Regulation C","log":"|j|\u2606Andrey.iam7\n|j|\u2606WackoMarko\n|t:|1684067907\n|gametype|doubles\n|player|p1|Andrey.iam7|koga|1099\n|player|p2|WackoMarko|102|1165\n|teamsize|p1|6\n|teamsize|p2|6\n|gen|9\n|tier|[Gen 9] VGC 2023 Regulation C\n|rated|\n|rule|Species Clause: Limit one of each Pok\u00e9mon\n|rule|Item Clause: Limit one of each item\n|clearpoke\n|poke|p1|Breloom, L50, M|\n|poke|p1|Quaquaval, L50, F|\n|poke|p1|Flamigo, L50, F|\n|poke|p1|Tauros-Paldea-Blaze, L50, M|\n|poke|p1|Annihilape, L50, M|\n|poke|p1|Slither Wing, L50|\n|poke|p2|Talonflame, L50, F|\n|poke|p2|Amoonguss, L50, F|\n|poke|p2|Flutter Mane, L50|\n|poke|p2|Chien-Pao, L50|\n|poke|p2|Gyarados, L50, F|\n|poke|p2|Dragapult, L50, M|\n|teampreview|4\n|inactive|Battle timer is ON: inactive players will automatically lose when time's up. (requested by Andrey.iam7)\nWackoMarko has agreed to open team sheets.\n|\n|t:|1684067944\n|start\n|switch|p1a: Annihilape|Annihilape, L50, M|100\/100\n|switch|p1b: Quaquaval|Quaquaval, L50, F|100\/100\n|switch|p2a: Talonflame|Talonflame, L50, F, shiny|100\/100\n|switch|p2b: Dragapult|Dragapult, L50, M, shiny|100\/100\n|turn|1\n|inactive|Andrey.iam7 has 30 seconds left.\n|\n|t:|1684067971\n|-terastallize|p1b: Quaquaval|Water\n|move|p1a: Annihilape|Rage Fist|p2b: Dragapult\n|-supereffective|p2b: Dragapult\n|-damage|p2b: Dragapult|49\/100\n|move|p2b: Dragapult|U-turn|p1a: Annihilape\n|-resisted|p1a: Annihilape\n|-damage|p1a: Annihilape|93\/100\n|\n|t:|1684067980\n|switch|p2b: Flutter Mane|Flutter Mane, L50, shiny|100\/100|[from] U-turn\n|move|p2a: Talonflame|Taunt|p1a: Annihilape\n|-start|p1a: Annihilape|move: Taunt\n|move|p1b: Quaquaval|Aqua Step|p2a: Talonflame\n|-supereffective|p2a: Talonflame\n|-damage|p2a: Talonflame|0 fnt\n|-boost|p1b: Quaquaval|spe|1\n|faint|p2a: Talonflame\n|-ability|p1b: Quaquaval|Moxie|boost\n|-boost|p1b: Quaquaval|atk|1\n|-damage|p1b: Quaquaval|91\/100|[from] item: Life Orb\n|\n|upkeep\n|\n|t:|1684067998\n|switch|p2a: Chien-Pao|Chien-Pao, L50|100\/100\n|-ability|p2a: Chien-Pao|Sword of Ruin\n|turn|2\n|\n|t:|1684068011\n|-terastallize|p2b: Flutter Mane|Fairy\n|move|p2a: Chien-Pao|Sucker Punch|p1a: Annihilape\n|-damage|p1a: Annihilape|48\/100\n|move|p1a: Annihilape|Rage Fist|p2b: Flutter Mane\n|-damage|p2b: Flutter Mane|0 fnt\n|faint|p2b: Flutter Mane\n|-end|p2b: Flutter Mane|Protosynthesis|[silent]\n|move|p1b: Quaquaval|Aqua Step|p2a: Chien-Pao\n|-enditem|p2a: Chien-Pao|Focus Sash\n|-damage|p2a: Chien-Pao|1\/100\n|-boost|p1b: Quaquaval|spe|1\n|-damage|p1b: Quaquaval|81\/100|[from] item: Life Orb\n|\n|upkeep\n|\n|t:|1684068024\n|switch|p2b: Dragapult|Dragapult, L50, M, shiny|49\/100\n|turn|3\n|\n|t:|1684068038\n|switch|p1a: Flamigo|Flamigo, L50, F|100\/100\n|-copyboost|p1a: Flamigo|p1b: Quaquaval|[from] ability: Costar\n|move|p2a: Chien-Pao|Sucker Punch||[still]\n|-fail|p2a: Chien-Pao\n|move|p1b: Quaquaval|Aqua Step|p2a: Chien-Pao\n|-damage|p2a: Chien-Pao|0 fnt\n|-boost|p1b: Quaquaval|spe|1\n|faint|p2a: Chien-Pao\n|-ability|p1b: Quaquaval|Moxie|boost\n|-boost|p1b: Quaquaval|atk|1\n|-damage|p1b: Quaquaval|71\/100|[from] item: Life Orb\n|move|p2b: Dragapult|Dragon Darts|p1b: Quaquaval\n|-damage|p1b: Quaquaval|23\/100\n|-anim|p2b: Dragapult|Dragon Darts|p1a: Flamigo\n|-damage|p1a: Flamigo|42\/100\n|\n|upkeep\n|turn|4\n|\n|t:|1684068062\n|move|p1b: Quaquaval|Aqua Step|p2b: Dragapult\n|-resisted|p2b: Dragapult\n|-damage|p2b: Dragapult|0 fnt\n|-boost|p1b: Quaquaval|spe|1\n|faint|p2b: Dragapult\n|-damage|p1b: Quaquaval|14\/100|[from] item: Life Orb\n|\n|win|Andrey.iam7\n|raw|Andrey.iam7's rating: 1099 → 1129<\/strong> (+30 for winning)\n|raw|WackoMarko's rating: 1165 → 1135<\/strong> (-30 for losing)\n|l|\u2606Andrey.iam7\n","uploadtime":1684068124,"views":12,"p1id":"andreyiam7","p2id":"wackomarko","formatid":"gen9vgc2023regulationc","rating":1129,"private":0,"password":""}