{"id":"gen9vgc2023regulationc-1851292935","p1":"Lewlo","p2":"Broskander","format":"[Gen 9] VGC 2023 Regulation C","log":"|j|\u2606Lewlo\n|j|\u2606Broskander\n|t:|1682433284\n|gametype|doubles\n|player|p1|Lewlo|pokemonbreeder-gen4|1282\n|player|p2|Broskander|1|1209\n|teamsize|p1|6\n|teamsize|p2|6\n|gen|9\n|tier|[Gen 9] VGC 2023 Regulation C\n|rated|\n|rule|Species Clause: Limit one of each Pok\u00e9mon\n|rule|Item Clause: Limit one of each item\n|clearpoke\n|poke|p1|Chien-Pao, L50|\n|poke|p1|Iron Hands, L50|\n|poke|p1|Azumarill, L50, M|\n|poke|p1|Farigiraf, L50, F|\n|poke|p1|Amoonguss, L50, F|\n|poke|p1|Flutter Mane, L50|\n|poke|p2|Iron Jugulis, L50|\n|poke|p2|Gholdengo, L50|\n|poke|p2|Flutter Mane, L50|\n|poke|p2|Great Tusk, L50|\n|poke|p2|Baxcalibur, L50, F|\n|poke|p2|Ting-Lu, L50|\n|teampreview|4\n|inactive|Battle timer is ON: inactive players will automatically lose when time's up. (requested by Lewlo)\nLewlo has agreed to open team sheets.\n|inactive|Lewlo has 60 seconds left.\n|inactive|Broskander has 60 seconds left.\n|inactive|Lewlo has 30 seconds left.\n|inactive|Lewlo has 20 seconds left.\n|inactive|Lewlo has 15 seconds left.\n|inactive|Lewlo has 10 seconds left.\n|\n|t:|1682433367\n|start\n|switch|p1a: Farigiraf|Farigiraf, L50, F|100\/100\n|switch|p1b: Grabby Gabby|Iron Hands, L50|100\/100\n|switch|p2a: Gholdengo|Gholdengo, L50|100\/100\n|switch|p2b: Flutter Mane|Flutter Mane, L50|100\/100\n|turn|1\n|\n|t:|1682433392\n|-terastallize|p2a: Gholdengo|Steel\n|move|p2b: Flutter Mane|Dazzling Gleam|p1b: Grabby Gabby|[spread] p1a,p1b\n|-supereffective|p1b: Grabby Gabby\n|-damage|p1a: Farigiraf|66\/100\n|-damage|p1b: Grabby Gabby|45\/100\n|move|p2a: Gholdengo|Make It Rain|p1b: Grabby Gabby|[spread] p1a,p1b\n|-resisted|p1b: Grabby Gabby\n|-damage|p1a: Farigiraf|0 fnt\n|-damage|p1b: Grabby Gabby|20\/100\n|-unboost|p2a: Gholdengo|spa|1\n|faint|p1a: Farigiraf\n|move|p1b: Grabby Gabby|Swords Dance|p1b: Grabby Gabby\n|-boost|p1b: Grabby Gabby|atk|2\n|\n|upkeep\n|\n|t:|1682433407\n|switch|p1a: Chien-Pao|Chien-Pao, L50|100\/100\n|-ability|p1a: Chien-Pao|Sword of Ruin\n|turn|2\n|\n|t:|1682433419\n|move|p1a: Chien-Pao|Sucker Punch|p2b: Flutter Mane\n|-enditem|p2b: Flutter Mane|Focus Sash\n|-damage|p2b: Flutter Mane|1\/100\n|move|p2b: Flutter Mane|Dazzling Gleam|p1a: Chien-Pao|[spread] p1a,p1b\n|-supereffective|p1a: Chien-Pao\n|-supereffective|p1b: Grabby Gabby\n|-enditem|p1a: Chien-Pao|Focus Sash\n|-damage|p1a: Chien-Pao|1\/100\n|-damage|p1b: Grabby Gabby|0 fnt\n|faint|p1b: Grabby Gabby\n|-end|p1b: Grabby Gabby|Quark Drive|[silent]\n|move|p2a: Gholdengo|Make It Rain|p1a: Chien-Pao\n|-supereffective|p1a: Chien-Pao\n|-damage|p1a: Chien-Pao|0 fnt\n|-unboost|p2a: Gholdengo|spa|1\n|faint|p1a: Chien-Pao\n|\n|upkeep\n|\n|t:|1682433425\n|switch|p1b: Azumarill|Azumarill, L50, M|100\/100\n|turn|3\n|inactive|Broskander has 30 seconds left.\n|\n|t:|1682433456\n|switch|p2a: Great Tusk|Great Tusk, L50|100\/100\n|-terastallize|p1b: Azumarill|Water\n|move|p2b: Flutter Mane|Protect|p2b: Flutter Mane\n|-singleturn|p2b: Flutter Mane|Protect\n|move|p1b: Azumarill|Aqua Jet|p2b: Flutter Mane\n|-activate|p2b: Flutter Mane|move: Protect\n|\n|upkeep\n|turn|4\n|\n|t:|1682433478\n|move|p2b: Flutter Mane|Moonblast|p1b: Azumarill\n|-damage|p1b: Azumarill|64\/100\n|move|p2a: Great Tusk|Headlong Rush|p1b: Azumarill\n|-damage|p1b: Azumarill|0 fnt\n|-unboost|p2a: Great Tusk|def|1\n|-unboost|p2a: Great Tusk|spd|1\n|faint|p1b: Azumarill\n|-damage|p2a: Great Tusk|90\/100|[from] item: Life Orb\n|\n|win|Broskander\n|raw|Lewlo's rating: 1282 → 1252<\/strong> (-30 for losing)\n|raw|Broskander's rating: 1209 → 1239<\/strong> (+30 for winning)\n|c|\u2606Lewlo|gg\n|l|\u2606Lewlo\n|c|\u2606Broskander|Gg\n|l|\u2606Broskander\n|j|\u2606Broskander\n|player|p2|Broskander|1\n","uploadtime":1682433613,"views":8,"p1id":"lewlo","p2id":"broskander","formatid":"gen9vgc2023regulationc","rating":1239,"private":0,"password":""}