{"id":"gen9vgc2023regulationc-1861841673","p1":"Eldegoss32","p2":"Vengeful potato","format":"[Gen 9] VGC 2023 Regulation C","log":"|j|\u2606Eldegoss32\n|j|\u2606Vengeful potato\n|t:|1683814046\n|gametype|doubles\n|player|p1|Eldegoss32|acetrainerf|\n|player|p2|Vengeful potato|swimmer-gen4|\n|teamsize|p1|6\n|teamsize|p2|6\n|gen|9\n|tier|[Gen 9] VGC 2023 Regulation C\n|rated|Tournament battle\n|rule|Species Clause: Limit one of each Pok\u00e9mon\n|rule|Item Clause: Limit one of each item\n|clearpoke\n|poke|p1|Vivillon, L50, F|\n|poke|p1|Ting-Lu, L50|\n|poke|p1|Corviknight, L50, F|\n|poke|p1|Orthworm, L50, M|\n|poke|p1|Azumarill, L50, M|\n|poke|p1|Tyranitar, L50, M|\n|poke|p2|Pelipper, L50, F|\n|poke|p2|Drednaw, L50, M|\n|poke|p2|Gholdengo, L50|\n|poke|p2|Brute Bonnet, L50|\n|poke|p2|Dedenne, L50, F|\n|poke|p2|Toxicroak, L50, M|\n|teampreview|4\n|raw| Open Team Sheet for Eldegoss32<\/summary>Vivillon @ Focus Sash Ability: Friend Guard Level: 50 Tera Type: Ghost - Pollen Puff - Protect - Rage Powder - Sleep Powder Ting-Lu @ Choice Band Ability: Vessel of Ruin Level: 50 Tera Type: Ground - Earthquake - Sand Tomb - Throat Chop - Rock Slide Corviknight @ Safety Goggles Ability: Mirror Armor Level: 50 Tera Type: Fire - Bulk Up - Brave Bird - Iron Head - Roost Orthworm @ Sitrus Berry Ability: Earth Eater Level: 50 Tera Type: Fire - Shed Tail - Iron Defense - Body Press - Heavy Slam Azumarill @ Assault Vest Ability: Huge Power Level: 50 Tera Type: Grass - Liquidation - Play Rough - Aqua Jet - Tera Blast Tyranitar @ Lum Berry Ability: Sand Stream Level: 50 Tera Type: Fairy - Dragon Dance - Rock Slide - Earthquake - Tera Blast <\/details><\/div> Open Team Sheet for Vengeful potato<\/summary>Pelipper (F) @ Focus Sash Ability: Drizzle Level: 50 Shiny: Yes Tera Type: Ground - Hurricane - Chilling Water - Tailwind - Wide Guard Drednaw (M) @ Choice Band Ability: Swift Swim Level: 50 Shiny: Yes Tera Type: Grass - Liquidation - Rock Slide - Head Smash - Ice Spinner Gholdengo @ Choice Scarf Ability: Good as Gold Level: 50 Tera Type: Water - Make It Rain - Shadow Ball - Tera Blast - Trick Brute Bonnet @ Booster Energy Ability: Protosynthesis Level: 50 Tera Type: Fire - Seed Bomb - Crunch - Spore - Rage Powder Dedenne (F) @ Sitrus Berry Ability: Cheek Pouch Level: 50 Shiny: Yes Tera Type: Grass - Thunder - Dazzling Gleam - Grass Knot - Protect Toxicroak (M) @ Life Orb Ability: Dry Skin Level: 50 Shiny: Yes Tera Type: Ice - Drain Punch - Gunk Shot - Ice Punch - Protect <\/details><\/div>\n|\n|t:|1683814090\n|start\n|switch|p1a: Orthworm|Orthworm, L50, M|100\/100\n|switch|p1b: Azumarill|Azumarill, L50, M|100\/100\n|switch|p2a: Drednaw|Drednaw, L50, M, shiny|100\/100\n|switch|p2b: Brute Bonnet|Brute Bonnet, L50|100\/100\n|-enditem|p2b: Brute Bonnet|Booster Energy\n|-activate|p2b: Brute Bonnet|ability: Protosynthesis|[fromitem]\n|-start|p2b: Brute Bonnet|protosynthesisatk\n|turn|1\n|\n|t:|1683814132\n|move|p2a: Drednaw|Liquidation|p1a: Orthworm\n|-damage|p1a: Orthworm|59\/100\n|move|p2b: Brute Bonnet|Seed Bomb|p1b: Azumarill\n|-supereffective|p1b: Azumarill\n|-damage|p1b: Azumarill|0 fnt\n|faint|p1b: Azumarill\n|move|p1a: Orthworm|Body Press|p2b: Brute Bonnet\n|-supereffective|p2b: Brute Bonnet\n|-damage|p2b: Brute Bonnet|46\/100\n|\n|upkeep\n|\n|t:|1683814148\n|switch|p1b: Tyranitar|Tyranitar, L50, M|100\/100\n|-weather|Sandstorm|[from] ability: Sand Stream|[of] p1b: Tyranitar\n|turn|2\n|\n|t:|1683814189\n|-end|p2b: Brute Bonnet|Protosynthesis|[silent]\n|switch|p2b: Pelipper|Pelipper, L50, F, shiny|100\/100\n|-weather|RainDance|[from] ability: Drizzle|[of] p2b: Pelipper\n|-terastallize|p1b: Tyranitar|Fairy\n|move|p2a: Drednaw|Liquidation|p1a: Orthworm\n|-damage|p1a: Orthworm|0 fnt\n|faint|p1a: Orthworm\n|move|p1b: Tyranitar|Tera Blast|p2b: Pelipper\n|-damage|p2b: Pelipper|52\/100\n|\n|-weather|RainDance|[upkeep]\n|upkeep\n|\n|t:|1683814200\n|switch|p1a: Ting-Lu|Ting-Lu, L50|100\/100\n|-ability|p1a: Ting-Lu|Vessel of Ruin\n|turn|3\n|\n|t:|1683814214\n|move|p2a: Drednaw|Liquidation|p1a: Ting-Lu\n|-supereffective|p1a: Ting-Lu\n|-damage|p1a: Ting-Lu|0 fnt\n|faint|p1a: Ting-Lu\n|move|p1b: Tyranitar|Dragon Dance|p1b: Tyranitar\n|-boost|p1b: Tyranitar|atk|1\n|-boost|p1b: Tyranitar|spe|1\n|move|p2b: Pelipper|Chilling Water|p1b: Tyranitar\n|-damage|p1b: Tyranitar|71\/100\n|-unboost|p1b: Tyranitar|atk|1\n|\n|-weather|RainDance|[upkeep]\n|upkeep\n|turn|4\n|\n|t:|1683814224\n|move|p2a: Drednaw|Liquidation|p1b: Tyranitar\n|-damage|p1b: Tyranitar|0 fnt\n|faint|p1b: Tyranitar\n|\n|win|Vengeful potato\n|n|\u2606Eldegoss32|eldegoss32\n|n|\u2606Vengeful potato|vengefulpotato\n|c|\u2606Vengeful potato|Ggs\n","uploadtime":1683814231,"views":11,"p1id":"eldegoss32","p2id":"vengefulpotato","formatid":"gen9vgc2023regulationc","rating":0,"private":0,"password":""}