{"id":"gen9vgc2023regulationc-1846496363","p1":"flewis082","p2":"Th3D3b","format":"[Gen 9] VGC 2023 Regulation C","log":"|j|\u2606flewis082\n|j|\u2606Th3D3b\n|t:|1681845769\n|gametype|doubles\n|player|p1|flewis082|wallace|1251\n|player|p2|Th3D3b|170|1260\n|teamsize|p1|6\n|teamsize|p2|6\n|gen|9\n|tier|[Gen 9] VGC 2023 Regulation C\n|rated|\n|rule|Species Clause: Limit one of each Pok\u00e9mon\n|rule|Item Clause: Limit one of each item\n|clearpoke\n|poke|p1|Chi-Yu, L50|\n|poke|p1|Dachsbun, L50, F|\n|poke|p1|Dragonite, L50, M|\n|poke|p1|Flutter Mane, L50|\n|poke|p1|Azumarill, L50, F|\n|poke|p1|Chien-Pao, L50|\n|poke|p2|Chien-Pao, L50|\n|poke|p2|Palafin, L50, F|\n|poke|p2|Kingambit, L50, F|\n|poke|p2|Ting-Lu, L50|\n|poke|p2|Dragonite, L50, F|\n|poke|p2|Flutter Mane, L50|\n|teampreview|4\nflewis082 rejected open team sheets.\n|\n|t:|1681845822\n|start\n|switch|p1a: Chi-Yu|Chi-Yu, L50|100\/100\n|switch|p1b: Dachsbun|Dachsbun, L50, F|100\/100\n|switch|p2a: Palafin|Palafin, L50, F|100\/100\n|switch|p2b: Chien-Pao|Chien-Pao, L50|100\/100\n|-ability|p1a: Chi-Yu|Beads of Ruin\n|-ability|p2b: Chien-Pao|Sword of Ruin\n|turn|1\n|inactive|Battle timer is ON: inactive players will automatically lose when time's up. (requested by Th3D3b)\n|\n|t:|1681845839\n|detailschange|p2a: Palafin|Palafin-Hero, L50, F\n|switch|p2a: Ting-Lu|Ting-Lu, L50|100\/100\n|-ability|p2a: Ting-Lu|Vessel of Ruin\n|move|p1a: Chi-Yu|Lava Plume|p2a: Ting-Lu|[spread] p2a,p2b\n|-ability|p1b: Dachsbun|Well-Baked Body|boost\n|-boost|p1b: Dachsbun|def|2\n|-supereffective|p2b: Chien-Pao\n|-damage|p2a: Ting-Lu|87\/100\n|-damage|p2b: Chien-Pao|3\/100\n|move|p2b: Chien-Pao|Sacred Sword|p1b: Dachsbun\n|-resisted|p1b: Dachsbun\n|-damage|p1b: Dachsbun|82\/100\n|move|p1b: Dachsbun|Body Press|p2a: Ting-Lu\n|-supereffective|p2a: Ting-Lu\n|-damage|p2a: Ting-Lu|25\/100\n|\n|-heal|p1b: Dachsbun|88\/100|[from] item: Leftovers\n|upkeep\n|turn|2\n|inactive|flewis082 has 30 seconds left.\n|inactive|Th3D3b has 30 seconds left.\n|\n|t:|1681845867\n|move|p2b: Chien-Pao|Sucker Punch|p1a: Chi-Yu\n|-resisted|p1a: Chi-Yu\n|-damage|p1a: Chi-Yu|62\/100\n|move|p1a: Chi-Yu|Lava Plume|p2a: Ting-Lu|[spread] p2a,p2b\n|-ability|p1b: Dachsbun|Well-Baked Body|boost\n|-boost|p1b: Dachsbun|def|2\n|-crit|p2a: Ting-Lu\n|-supereffective|p2b: Chien-Pao\n|-damage|p2a: Ting-Lu|5\/100\n|-damage|p2b: Chien-Pao|0 fnt\n|faint|p2b: Chien-Pao\n|move|p1b: Dachsbun|Body Press|p2a: Ting-Lu\n|-supereffective|p2a: Ting-Lu\n|-damage|p2a: Ting-Lu|0 fnt\n|faint|p2a: Ting-Lu\n|\n|-heal|p1b: Dachsbun|94\/100|[from] item: Leftovers\n|upkeep\n|\n|t:|1681845877\n|switch|p2b: Kingambit|Kingambit, L50, F|100\/100\n|switch|p2a: Palafin|Palafin-Hero, L50, F|100\/100\n|-activate|p2a: Palafin|ability: Zero to Hero\n|turn|3\n|\n|t:|1681845890\n|-terastallize|p2b: Kingambit|Fire\n|move|p1a: Chi-Yu|Lava Plume|p2a: Palafin|[spread] p2a,p2b\n|-ability|p1b: Dachsbun|Well-Baked Body|boost\n|-boost|p1b: Dachsbun|def|2\n|-resisted|p2a: Palafin\n|-resisted|p2b: Kingambit\n|-damage|p2a: Palafin|81\/100\n|-damage|p2b: Kingambit|82\/100\n|move|p2a: Palafin|Haze|p2a: Palafin\n|-clearallboost\n|move|p1b: Dachsbun|Body Press|p2a: Palafin\n|-damage|p2a: Palafin|60\/100\n|move|p2b: Kingambit|Kowtow Cleave|p1b: Dachsbun\n|-resisted|p1b: Dachsbun\n|-damage|p1b: Dachsbun|71\/100\n|\n|-heal|p1b: Dachsbun|77\/100|[from] item: Leftovers\n|upkeep\n|turn|4\n|\n|t:|1681845914\n|move|p2a: Palafin|Jet Punch|p1a: Chi-Yu\n|-supereffective|p1a: Chi-Yu\n|-damage|p1a: Chi-Yu|0 fnt\n|faint|p1a: Chi-Yu\n|move|p1b: Dachsbun|Body Press|p2a: Palafin\n|-damage|p2a: Palafin|40\/100\n|move|p2b: Kingambit|Tera Blast|p1b: Dachsbun\n|-ability|p1b: Dachsbun|Well-Baked Body|boost\n|-boost|p1b: Dachsbun|def|2\n|\n|-heal|p1b: Dachsbun|83\/100|[from] item: Leftovers\n|upkeep\n|-message|Th3D3b forfeited.\n|\n|win|flewis082\n|raw|flewis082's rating: 1251 → 1277<\/strong> (+26 for winning)\n|raw|Th3D3b's rating: 1260 → 1234<\/strong> (-26 for losing)\n|l|\u2606Th3D3b\n","uploadtime":1681845988,"views":6,"p1id":"flewis082","p2id":"th3d3b","formatid":"gen9vgc2023regulationc","rating":1234,"private":0,"password":""}