{"id":"gen9vgc2023regulationc-1848721515","p1":"vtakatchaw","p2":"tonini test","format":"[Gen 9] VGC 2023 Regulation C","log":"|j|\u2606vtakatchaw\n|j|\u2606tonini test\n|t:|1682103917\n|gametype|doubles\n|player|p1|vtakatchaw|265|\n|player|p2|tonini test|2|\n|teamsize|p1|6\n|teamsize|p2|6\n|gen|9\n|tier|[Gen 9] VGC 2023 Regulation C\n|rule|Species Clause: Limit one of each Pok\u00e9mon\n|rule|Item Clause: Limit one of each item\n|clearpoke\n|poke|p1|Amoonguss, L50, M|\n|poke|p1|Arcanine, L50, M|\n|poke|p1|Palafin, L50, M|\n|poke|p1|Flutter Mane, L50|\n|poke|p1|Chien-Pao, L50|\n|poke|p1|Dragapult, L50, F|\n|poke|p2|Indeedee-F, L50, F|\n|poke|p2|Hatterene, L50, F|\n|poke|p2|Torkoal, L50, M|\n|poke|p2|Iron Hands, L50|\n|poke|p2|Amoonguss, L50, F|\n|poke|p2|Chien-Pao, L50|\n|teampreview|4\n|\n|t:|1682103974\n|start\n|switch|p1a: Chien-Pao|Chien-Pao, L50|100\/100\n|switch|p1b: Flutter Mane|Flutter Mane, L50|100\/100\n|switch|p2a: Indeedee|Indeedee-F, L50, F|100\/100\n|switch|p2b: Hatterene|Hatterene, L50, F|100\/100\n|-ability|p1a: Chien-Pao|Sword of Ruin\n|-fieldstart|move: Psychic Terrain|[from] ability: Psychic Surge|[of] p2a: Indeedee\n|turn|1\n|\n|t:|1682103991\n|move|p2a: Indeedee|Follow Me|p2a: Indeedee\n|-singleturn|p2a: Indeedee|move: Follow Me\n|move|p1b: Flutter Mane|Dazzling Gleam|p2b: Hatterene|[spread] p2a,p2b\n|-damage|p2a: Indeedee|56\/100\n|-damage|p2b: Hatterene|47\/100\n|move|p1a: Chien-Pao|Ice Spinner|p2a: Indeedee\n|-damage|p2a: Indeedee|0 fnt\n|-fieldend|move: Psychic Terrain\n|faint|p2a: Indeedee\n|move|p2b: Hatterene|Trick Room|p2b: Hatterene\n|-fieldstart|move: Trick Room|[of] p2b: Hatterene\n|\n|upkeep\n|\n|t:|1682104001\n|switch|p2a: Torkoal|Torkoal, L50, M|100\/100\n|-weather|SunnyDay|[from] ability: Drought|[of] p2a: Torkoal\n|-activate|p1b: Flutter Mane|ability: Protosynthesis\n|-start|p1b: Flutter Mane|protosynthesisspe\n|turn|2\n|\n|t:|1682104038\n|move|p2b: Hatterene|Protect|p2b: Hatterene\n|-singleturn|p2b: Hatterene|Protect\n|move|p1a: Chien-Pao|Sucker Punch|p2a: Torkoal\n|-damage|p2a: Torkoal|64\/100\n|move|p2a: Torkoal|Heat Wave|p1b: Flutter Mane|[spread] p1a,p1b\n|-supereffective|p1a: Chien-Pao\n|-enditem|p1a: Chien-Pao|Focus Sash\n|-damage|p1a: Chien-Pao|1\/100\n|-damage|p1b: Flutter Mane|26\/100\n|move|p1b: Flutter Mane|Dazzling Gleam|p2b: Hatterene|[spread] p2a\n|-activate|p2b: Hatterene|move: Protect\n|-resisted|p2a: Torkoal\n|-damage|p2a: Torkoal|30\/100\n|\n|-weather|SunnyDay|[upkeep]\n|upkeep\n|turn|3\n|\n|t:|1682104082\n|switch|p2a: Iron Hands|Iron Hands, L50|100\/100\n|-enditem|p2a: Iron Hands|Booster Energy\n|-activate|p2a: Iron Hands|ability: Quark Drive|[fromitem]\n|-start|p2a: Iron Hands|quarkdriveatk\n|move|p1a: Chien-Pao|Sucker Punch|p2b: Hatterene\n|-damage|p2b: Hatterene|0 fnt\n|faint|p2b: Hatterene\n|move|p1b: Flutter Mane|Dazzling Gleam|p2a: Iron Hands\n|-supereffective|p2a: Iron Hands\n|-damage|p2a: Iron Hands|0 fnt\n|faint|p2a: Iron Hands\n|-end|p2a: Iron Hands|Quark Drive|[silent]\n|\n|-weather|SunnyDay|[upkeep]\n|upkeep\n|\n|t:|1682104091\n|switch|p2b: Torkoal|Torkoal, L50, M|30\/100\n|turn|4\n|\n|t:|1682104100\n|move|p1a: Chien-Pao|Sucker Punch|p2b: Torkoal\n|-damage|p2b: Torkoal|0 fnt\n|faint|p2b: Torkoal\n|\n|win|vtakatchaw\n|l|\u2606tonini test\n","uploadtime":1682104109,"views":15,"p1id":"vtakatchaw","p2id":"toninitest","formatid":"gen9vgc2023regulationc","rating":0,"private":0,"password":""}