{"id":"gen9vgc2023regulationc-1860497553","p1":"Theburgerking14","p2":"Belluomo00","format":"[Gen 9] VGC 2023 Regulation C","log":"|j|\u2606Theburgerking14\n|j|\u2606Belluomo00\n|t:|1683649330\n|gametype|doubles\n|player|p1|Theburgerking14|102|1290\n|player|p2|Belluomo00|169|1301\n|teamsize|p1|6\n|teamsize|p2|6\n|gen|9\n|tier|[Gen 9] VGC 2023 Regulation C\n|rated|\n|rule|Species Clause: Limit one of each Pok\u00e9mon\n|rule|Item Clause: Limit one of each item\n|clearpoke\n|poke|p1|Iron Bundle, L50|\n|poke|p1|Palafin, L50, M|\n|poke|p1|Amoonguss, L50, F|\n|poke|p1|Garchomp, L50, F|\n|poke|p1|Tinkaton, L50, F|\n|poke|p1|Tyranitar, L50, M|\n|poke|p2|Dragonite, L50, M|\n|poke|p2|Orthworm, L50, M|\n|poke|p2|Ting-Lu, L50|\n|poke|p2|Gyarados, L50, M|\n|poke|p2|Flutter Mane, L50|\n|poke|p2|Chien-Pao, L50|\n|teampreview|4\n|inactive|Battle timer is ON: inactive players will automatically lose when time's up. (requested by Theburgerking14)\n|inactive|Belluomo00 also wants the timer to be on.\n|\n|t:|1683649359\n|start\n|switch|p1a: Iron Bundle|Iron Bundle, L50|100\/100\n|switch|p1b: Palafin|Palafin, L50, M|100\/100\n|switch|p2a: Orthworm|Orthworm, L50, M|100\/100\n|switch|p2b: Ting-Lu|Ting-Lu, L50|100\/100\n|-ability|p2b: Ting-Lu|Vessel of Ruin\n|-enditem|p1a: Iron Bundle|Booster Energy\n|-activate|p1a: Iron Bundle|ability: Quark Drive|[fromitem]\n|-start|p1a: Iron Bundle|quarkdrivespe\n|turn|1\n|inactive|Theburgerking14 has 30 seconds left.\n|\n|t:|1683649392\n|-terastallize|p1a: Iron Bundle|Ghost\n|-terastallize|p2b: Ting-Lu|Water\n|move|p1a: Iron Bundle|Hydro Pump|p2b: Ting-Lu\n|-resisted|p2b: Ting-Lu\n|-damage|p2b: Ting-Lu|84\/100\n|move|p1b: Palafin|Close Combat|p2b: Ting-Lu\n|-damage|p2b: Ting-Lu|57\/100\n|-unboost|p1b: Palafin|def|1\n|-unboost|p1b: Palafin|spd|1\n|move|p2a: Orthworm|Shed Tail|p2a: Orthworm\n|-start|p2a: Orthworm|Substitute|[from] move: Shed Tail\n|-damage|p2a: Orthworm|50\/100\n|-enditem|p2a: Orthworm|Sitrus Berry|[eat]\n|-heal|p2a: Orthworm|75\/100|[from] item: Sitrus Berry\n|-message|Theburgerking14 forfeited.\n|\n|win|Belluomo00\n|raw|Theburgerking14's rating: 1290 → 1266<\/strong> (-24 for losing)\n|raw|Belluomo00's rating: 1301 → 1320<\/strong> (+19 for winning)\n|l|\u2606Theburgerking14\n","uploadtime":1683649412,"views":6,"p1id":"theburgerking14","p2id":"belluomo00","formatid":"gen9vgc2023regulationc","rating":1266,"private":0,"password":""}