{"id":"gen9vgc2023regulationc-1845608080","p1":"Fatedgabo","p2":"fo50","format":"[Gen 9] VGC 2023 Regulation C","log":"|j|\u2606Fatedgabo\n|j|\u2606fo50\n|t:|1681749050\n|gametype|doubles\n|player|p1|Fatedgabo|170|1060\n|player|p2|fo50|169|1074\n|teamsize|p1|6\n|teamsize|p2|6\n|gen|9\n|tier|[Gen 9] VGC 2023 Regulation C\n|rated|\n|rule|Species Clause: Limit one of each Pok\u00e9mon\n|rule|Item Clause: Limit one of each item\n|clearpoke\n|poke|p1|Lycanroc, L50, F|\n|poke|p1|Tyranitar, L50, M|\n|poke|p1|Glimmora, L50, F|\n|poke|p1|Stonjourner, L50, F|\n|poke|p1|Iron Thorns, L50|\n|poke|p1|Klawf, L50, M|\n|poke|p2|Scovillain, L50, M|\n|poke|p2|Dragonite, L50, F|\n|poke|p2|Tinkaton, L50, F|\n|poke|p2|Amoonguss, L50, F|\n|poke|p2|Torkoal, L50, F|\n|poke|p2|Scizor, L50, M|\n|teampreview|4\n|\n|t:|1681749111\n|start\n|switch|p1a: Iron Thorns|Iron Thorns, L50|100\/100\n|switch|p1b: Klawf|Klawf, L50, M, shiny|100\/100\n|switch|p2a: Scizor|Scizor, L50, M|100\/100\n|switch|p2b: Tinkaton|Tinkaton, L50, F|100\/100\n|-enditem|p1a: Iron Thorns|Booster Energy\n|-activate|p1a: Iron Thorns|ability: Quark Drive|[fromitem]\n|-start|p1a: Iron Thorns|quarkdriveatk\n|turn|1\n|\n|t:|1681749133\n|-terastallize|p1a: Iron Thorns|Grass\n|move|p2b: Tinkaton|Fake Out|p1a: Iron Thorns\n|-damage|p1a: Iron Thorns|92\/100\n|move|p1b: Klawf|Knock Off|p2a: Scizor\n|-damage|p2a: Scizor|79\/100\n|-enditem|p2a: Scizor|Sitrus Berry|[from] move: Knock Off|[of] p1b: Klawf\n|cant|p1a: Iron Thorns|flinch\n|move|p2a: Scizor|Swords Dance|p2a: Scizor\n|-boost|p2a: Scizor|atk|2\n|\n|upkeep\n|turn|2\n|\n|t:|1681749161\n|move|p1b: Klawf|Knock Off|p2b: Tinkaton\n|-resisted|p2b: Tinkaton\n|-damage|p2b: Tinkaton|86\/100\n|-enditem|p2b: Tinkaton|Leftovers|[from] move: Knock Off|[of] p1b: Klawf\n|move|p2b: Tinkaton|Gigaton Hammer|p1b: Klawf\n|-supereffective|p1b: Klawf\n|-damage|p1b: Klawf|0 fnt\n|faint|p1b: Klawf\n|move|p1a: Iron Thorns|Dragon Dance|p1a: Iron Thorns\n|-boost|p1a: Iron Thorns|atk|1\n|-boost|p1a: Iron Thorns|spe|1\n|move|p2a: Scizor|Acrobatics|p1a: Iron Thorns\n|-supereffective|p1a: Iron Thorns\n|-damage|p1a: Iron Thorns|0 fnt\n|faint|p1a: Iron Thorns\n|-end|p1a: Iron Thorns|Quark Drive|[silent]\n|\n|upkeep\n|\n|t:|1681749177\n|switch|p1b: Glimmora|Glimmora, L50, F, shiny|100\/100\n|switch|p1a: Tyranitar|Tyranitar, L50, M, shiny|100\/100\n|-weather|Sandstorm|[from] ability: Sand Stream|[of] p1a: Tyranitar\n|turn|3\n|\n|t:|1681749206\n|move|p2a: Scizor|Bullet Punch|p1a: Tyranitar\n|-supereffective|p1a: Tyranitar\n|-damage|p1a: Tyranitar|0 fnt\n|faint|p1a: Tyranitar\n|move|p1b: Glimmora|Earth Power|p2a: Scizor\n|-damage|p2a: Scizor|36\/100\n|move|p2b: Tinkaton|Knock Off|p1b: Glimmora\n|-damage|p1b: Glimmora|77\/100\n|-activate|p1b: Glimmora|ability: Toxic Debris\n|-sidestart|p2: fo50|move: Toxic Spikes\n|-enditem|p1b: Glimmora|Safety Goggles|[from] move: Knock Off|[of] p2b: Tinkaton\n|\n|-weather|Sandstorm|[upkeep]\n|upkeep\n|turn|4\n|-message|Fatedgabo forfeited.\n|\n|win|fo50\n|raw|Fatedgabo's rating: 1060 → 1042<\/strong> (-18 for losing)\n|raw|fo50's rating: 1074 → 1102<\/strong> (+28 for winning)\n|l|\u2606Fatedgabo\n","uploadtime":1681749222,"views":15,"p1id":"fatedgabo","p2id":"fo50","formatid":"gen9vgc2023regulationc","rating":1042,"private":0,"password":""}