{"id":"gen9vgc2023regulationc-1848305312","p1":"Gasz2.0","p2":"Orhsfasr","format":"[Gen 9] VGC 2023 Regulation C","log":"|j|\u2606Gasz2.0\n|j|\u2606Orhsfasr\n|t:|1682057239\n|gametype|doubles\n|player|p1|Gasz2.0|brycenman|1000\n|player|p2|Orhsfasr|170|1059\n|teamsize|p1|6\n|teamsize|p2|6\n|gen|9\n|tier|[Gen 9] VGC 2023 Regulation C\n|rated|\n|rule|Species Clause: Limit one of each Pok\u00e9mon\n|rule|Item Clause: Limit one of each item\n|clearpoke\n|poke|p1|Chi-Yu, L50|\n|poke|p1|Torkoal, L50, M|\n|poke|p1|Iron Moth, L50|\n|poke|p1|Flutter Mane, L50|\n|poke|p1|Amoonguss, L50, M|\n|poke|p1|Dragonite, L50, F|\n|poke|p2|Masquerain, L50, F|\n|poke|p2|Venomoth, L50, F|\n|poke|p2|Frosmoth, L50, F|\n|poke|p2|Volcarona, L50, F|\n|poke|p2|Iron Moth, L50|\n|poke|p2|Slither Wing, L50|\n|teampreview|4\n|\n|t:|1682057257\n|start\n|switch|p1a: Dragonite|Dragonite, L50, F|100\/100\n|switch|p1b: Amoonguss|Amoonguss, L50, M|100\/100\n|switch|p2a: Masquerain|Masquerain, L50, F|100\/100\n|switch|p2b: Slither Wing|Slither Wing, L50, shiny|100\/100\n|-ability|p2a: Masquerain|Intimidate|boost\n|-unboost|p1a: Dragonite|atk|1\n|-unboost|p1b: Amoonguss|atk|1\n|turn|1\n|inactive|Battle timer is ON: inactive players will automatically lose when time's up. (requested by Gasz2.0)\n|\n|t:|1682057271\n|-terastallize|p2b: Slither Wing|Fire\n|move|p2a: Masquerain|Sunny Day|p2a: Masquerain\n|-weather|SunnyDay\n|-activate|p2b: Slither Wing|ability: Protosynthesis\n|-start|p2b: Slither Wing|protosynthesisatk\n|move|p2b: Slither Wing|Flare Blitz|p1a: Dragonite\n|-resisted|p1a: Dragonite\n|-damage|p1a: Dragonite|61\/100\n|-damage|p2b: Slither Wing|87\/100|[from] Recoil\n|-damage|p2b: Slither Wing|77\/100|[from] item: Life Orb\n|move|p1a: Dragonite|Ice Spinner|p2a: Masquerain\n|-supereffective|p2a: Masquerain\n|-damage|p2a: Masquerain|42\/100\n|move|p1b: Amoonguss|Spore|p2b: Slither Wing\n|-status|p2b: Slither Wing|slp|[from] move: Spore\n|\n|-weather|SunnyDay|[upkeep]\n|upkeep\n|turn|2\n|inactive|Orhsfasr has 30 seconds left.\n|\n|t:|1682057299\n|switch|p1b: Chi-Yu|Chi-Yu, L50|100\/100\n|-ability|p1b: Chi-Yu|Beads of Ruin\n|move|p2a: Masquerain|Tailwind|p2a: Masquerain\n|-sidestart|p2: Orhsfasr|move: Tailwind\n|cant|p2b: Slither Wing|slp\n|move|p1a: Dragonite|Ice Spinner|p2a: Masquerain\n|-supereffective|p2a: Masquerain\n|-damage|p2a: Masquerain|0 fnt\n|faint|p2a: Masquerain\n|\n|-weather|SunnyDay|[upkeep]\n|upkeep\n|\n|t:|1682057311\n|switch|p2a: Iron Moth|Iron Moth, L50, shiny|100\/100\n|-enditem|p2a: Iron Moth|Booster Energy\n|-activate|p2a: Iron Moth|ability: Quark Drive|[fromitem]\n|-start|p2a: Iron Moth|quarkdrivespa\n|turn|3\n|\n|t:|1682057321\n|switch|p1a: Amoonguss|Amoonguss, L50, M|100\/100\n|move|p1b: Chi-Yu|Protect|p1b: Chi-Yu\n|-singleturn|p1b: Chi-Yu|Protect\n|move|p2a: Iron Moth|Heat Wave|p1a: Amoonguss|[spread] p1a\n|-activate|p1b: Chi-Yu|move: Protect\n|-supereffective|p1a: Amoonguss\n|-enditem|p1a: Amoonguss|Focus Sash\n|-damage|p1a: Amoonguss|1\/100\n|-curestatus|p2b: Slither Wing|slp|[msg]\n|move|p2b: Slither Wing|Earthquake|p1a: Amoonguss|[spread] p2a,p1a\n|-activate|p1b: Chi-Yu|move: Protect\n|-supereffective|p2a: Iron Moth\n|-damage|p2a: Iron Moth|0 fnt\n|-damage|p1a: Amoonguss|0 fnt\n|faint|p2a: Iron Moth\n|-end|p2a: Iron Moth|Quark Drive|[silent]\n|faint|p1a: Amoonguss\n|-damage|p2b: Slither Wing|67\/100|[from] item: Life Orb\n|\n|-weather|SunnyDay|[upkeep]\n|upkeep\n|\n|t:|1682057340\n|switch|p2a: Frosmoth|Frosmoth, L50, F|100\/100\n|switch|p1a: Dragonite|Dragonite, L50, F|61\/100\n|turn|4\n|inactive|Gasz2.0 has 30 seconds left.\n|inactive|Gasz2.0 has 20 seconds left.\n|inactive|Gasz2.0 has 15 seconds left.\n|inactive|Gasz2.0 has 10 seconds left.\n|\n|t:|1682057386\n|move|p2a: Frosmoth|Icy Wind|p1b: Chi-Yu|[spread] p1a,p1b\n|-supereffective|p1a: Dragonite\n|-resisted|p1b: Chi-Yu\n|-damage|p1a: Dragonite|0 fnt\n|-damage|p1b: Chi-Yu|90\/100\n|-unboost|p1b: Chi-Yu|spe|1\n|faint|p1a: Dragonite\n|move|p2b: Slither Wing|Earthquake|p1b: Chi-Yu|[spread] p2a,p1b\n|-resisted|p2a: Frosmoth\n|-supereffective|p1b: Chi-Yu\n|-damage|p2a: Frosmoth|61\/100\n|-damage|p1b: Chi-Yu|0 fnt\n|faint|p1b: Chi-Yu\n|-damage|p2b: Slither Wing|57\/100|[from] item: Life Orb\n|\n|-weather|SunnyDay|[upkeep]\n|upkeep\n|-message|Gasz2.0 forfeited.\n|\n|win|Orhsfasr\n|raw|Gasz2.0's rating: 1000 → 1000<\/strong> (+0 for losing)\n|raw|Orhsfasr's rating: 1059 → 1085<\/strong> (+26 for winning)\n|l|\u2606Gasz2.0\n","uploadtime":1682057405,"views":6,"p1id":"gasz20","p2id":"orhsfasr","formatid":"gen9vgc2023regulationc","rating":1000,"private":0,"password":""}