{"id":"gen9vgc2023regulationc-1851081829","p1":"Papsy","p2":"memeshe","format":"[Gen 9] VGC 2023 Regulation C","log":"|j|\u2606Papsy\n|j|\u2606memeshe\n|t:|1682406009\n|gametype|doubles\n|player|p1|Papsy|101|1061\n|player|p2|memeshe|169|1041\n|teamsize|p1|6\n|teamsize|p2|6\n|gen|9\n|tier|[Gen 9] VGC 2023 Regulation C\n|rated|\n|rule|Species Clause: Limit one of each Pok\u00e9mon\n|rule|Item Clause: Limit one of each item\n|clearpoke\n|poke|p1|Orthworm, L50, F|\n|poke|p1|Dragonite, L50, M|\n|poke|p1|Ting-Lu, L50|\n|poke|p1|Gyarados, L50, F|\n|poke|p1|Flutter Mane, L50|\n|poke|p1|Chien-Pao, L50|\n|poke|p2|Drifloon, L50, F|\n|poke|p2|Bombirdier, L50, F|\n|poke|p2|Squawkabilly, L50, M|\n|poke|p2|Brambleghast, L50, M|\n|poke|p2|Tatsugiri, L50, F|\n|poke|p2|Salazzle, L50, F|\n|teampreview|4\n|inactive|Battle timer is ON: inactive players will automatically lose when time's up. (requested by memeshe)\n|inactive|memeshe has 60 seconds left.\n|inactive|Papsy has 60 seconds left.\nmemeshe rejected open team sheets.\n|\n|t:|1682406065\n|start\n|switch|p1a: Orthworm|Orthworm, L50, F|100\/100\n|switch|p1b: Gyarados|Gyarados, L50, F|100\/100\n|switch|p2a: Drifloon|Drifloon, L50, F|100\/100\n|switch|p2b: Bombirdier|Bombirdier, L50, F|100\/100\n|-ability|p1b: Gyarados|Intimidate|boost\n|-unboost|p2a: Drifloon|atk|1\n|-unboost|p2b: Bombirdier|atk|1\n|turn|1\n|\n|t:|1682406083\n|move|p2b: Bombirdier|Protect|p2b: Bombirdier\n|-singleturn|p2b: Bombirdier|Protect\n|move|p2a: Drifloon|Tailwind|p2a: Drifloon\n|-sidestart|p2: memeshe|move: Tailwind\n|move|p1b: Gyarados|Thunder Wave|p2b: Bombirdier\n|-activate|p2b: Bombirdier|move: Protect\n|move|p1a: Orthworm|Shed Tail|p1a: Orthworm\n|-start|p1a: Orthworm|Substitute|[from] move: Shed Tail\n|-damage|p1a: Orthworm|50\/100\n|-enditem|p1a: Orthworm|Sitrus Berry|[eat]\n|-heal|p1a: Orthworm|75\/100|[from] item: Sitrus Berry\n|\n|t:|1682406096\n|switch|p1a: Flutter Mane|Flutter Mane, L50|100\/100|[from] Shed Tail\n|\n|upkeep\n|turn|2\n|\n|t:|1682406121\n|switch|p1b: Orthworm|Orthworm, L50, F|75\/100\n|-terastallize|p1a: Flutter Mane|Fairy\n|move|p2b: Bombirdier|Parting Shot|p1b: Orthworm\n|-unboost|p1b: Orthworm|atk|1\n|-unboost|p1b: Orthworm|spa|1\n|\n|t:|1682406133\n|switch|p2b: Salazzle|Salazzle, L50, F|100\/100|[from] Parting Shot\n|move|p2a: Drifloon|Icy Wind|p1a: Flutter Mane|[spread] p1a,p1b\n|-activate|p1a: Flutter Mane|move: Substitute|[damage]\n|-resisted|p1b: Orthworm\n|-damage|p1b: Orthworm|71\/100\n|-unboost|p1b: Orthworm|spe|1\n|move|p1a: Flutter Mane|Dazzling Gleam|p2a: Drifloon|[spread] p2a,p2b\n|-resisted|p2b: Salazzle\n|-enditem|p2a: Drifloon|Focus Sash\n|-damage|p2a: Drifloon|1\/100\n|-damage|p2b: Salazzle|79\/100\n|\n|upkeep\n|turn|3\n|inactive|memeshe has 30 seconds left.\n|\n|t:|1682406161\n|switch|p1b: Gyarados|Gyarados, L50, F|100\/100\n|-ability|p1b: Gyarados|Intimidate|boost\n|-unboost|p2a: Drifloon|atk|1\n|-fail|p2b: Salazzle|unboost|Attack|[from] ability: Oblivious|[of] p2b: Salazzle\n|move|p2a: Drifloon|Destiny Bond|p2a: Drifloon\n|-singlemove|p2a: Drifloon|Destiny Bond\n|move|p2b: Salazzle|Encore|p1a: Flutter Mane\n|-start|p1a: Flutter Mane|Encore\n|move|p1a: Flutter Mane|Dazzling Gleam|p2b: Salazzle|[spread] p2a,p2b\n|-resisted|p2b: Salazzle\n|-damage|p2a: Drifloon|0 fnt\n|-damage|p2b: Salazzle|58\/100\n|faint|p2a: Drifloon\n|-activate|p2a: Drifloon|move: Destiny Bond\n|faint|p1a: Flutter Mane\n|-end|p1a: Flutter Mane|Protosynthesis|[silent]\n|\n|upkeep\n|\n|t:|1682406184\n|switch|p1a: Dragonite|Dragonite, L50, M|100\/100\n|switch|p2a: Bombirdier|Bombirdier, L50, F|100\/100\n|turn|4\n|\n|t:|1682406200\n|-terastallize|p2a: Bombirdier|Rock\n|move|p2b: Salazzle|Acid Spray|p1a: Dragonite\n|-damage|p1a: Dragonite|92\/100\n|-unboost|p1a: Dragonite|spd|2\n|move|p2a: Bombirdier|Rock Slide|p1b: Gyarados|[spread] p1a,p1b\n|-supereffective|p1a: Dragonite\n|-supereffective|p1b: Gyarados\n|-damage|p1a: Dragonite|0 fnt\n|-damage|p1b: Gyarados|3\/100\n|faint|p1a: Dragonite\n|cant|p1b: Gyarados|flinch\n|\n|-sideend|p2: memeshe|move: Tailwind\n|upkeep\n|-message|Papsy forfeited.\n|\n|win|memeshe\n|raw|Papsy's rating: 1061 → 1041<\/strong> (-20 for losing)\n|raw|memeshe's rating: 1041 → 1077<\/strong> (+36 for winning)\n|l|\u2606Papsy\n","uploadtime":1682406290,"views":14,"p1id":"papsy","p2id":"memeshe","formatid":"gen9vgc2023regulationc","rating":1041,"private":0,"password":""}