{"id":"gen9vgc2023regulationc-1847880822","p1":"Echo Rose#9471","p2":"TypicalAndyy","format":"[Gen 9] VGC 2023 Regulation C","log":"|j|\u2606Echo Rose#9471\n|j|\u2606TypicalAndyy\n|t:|1682009552\n|gametype|doubles\n|player|p1|Echo Rose#9471|170|1248\n|player|p2|TypicalAndyy|101|1315\n|teamsize|p1|6\n|teamsize|p2|6\n|gen|9\n|tier|[Gen 9] VGC 2023 Regulation C\n|rated|\n|rule|Species Clause: Limit one of each Pok\u00e9mon\n|rule|Item Clause: Limit one of each item\n|clearpoke\n|poke|p1|Glimmora, L50, M|\n|poke|p1|Wo-Chien, L50|\n|poke|p1|Flutter Mane, L50|\n|poke|p1|Palafin, L50, M|\n|poke|p1|Iron Hands, L50|\n|poke|p1|Talonflame, L50, M|\n|poke|p2|Dragapult, L50, M|\n|poke|p2|Glimmora, L50, M|\n|poke|p2|Chien-Pao, L50|\n|poke|p2|Iron Hands, L50|\n|poke|p2|Tinkaton, L50, F|\n|poke|p2|Gastrodon-East, L50, F|\n|teampreview|4\n|inactive|Battle timer is ON: inactive players will automatically lose when time's up. (requested by TypicalAndyy)\n|\n|t:|1682009588\n|start\n|switch|p1a: Talonflame|Talonflame, L50, M|100\/100\n|switch|p1b: Wo-Chien|Wo-Chien, L50|100\/100\n|switch|p2a: Dragapult|Dragapult, L50, M, shiny|100\/100\n|switch|p2b: Chien-Pao|Chien-Pao, L50|100\/100\n|-ability|p2b: Chien-Pao|Sword of Ruin\n|-ability|p1b: Wo-Chien|Tablets of Ruin\n|turn|1\n|inactive|TypicalAndyy has 30 seconds left.\n|\n|t:|1682009618\n|-terastallize|p1b: Wo-Chien|Poison\n|move|p1a: Talonflame|Tailwind|p1a: Talonflame\n|-sidestart|p1: Echo Rose#9471|move: Tailwind\n|move|p2a: Dragapult|Dragon Darts|p1a: Talonflame\n|-damage|p1a: Talonflame|65\/100\n|-anim|p2a: Dragapult|Dragon Darts|p1b: Wo-Chien\n|-damage|p1b: Wo-Chien|69\/100\n|move|p2b: Chien-Pao|Ice Spinner|p1b: Wo-Chien\n|-damage|p1b: Wo-Chien|37\/100\n|move|p1b: Wo-Chien|Pollen Puff|p2b: Chien-Pao\n|-supereffective|p2b: Chien-Pao\n|-damage|p2b: Chien-Pao|39\/100\n|\n|upkeep\n|turn|2\n|\n|t:|1682009642\n|move|p2b: Chien-Pao|Sucker Punch|p1a: Talonflame\n|-damage|p1a: Talonflame|26\/100\n|move|p1a: Talonflame|Flare Blitz|p2b: Chien-Pao\n|-supereffective|p2b: Chien-Pao\n|-damage|p2b: Chien-Pao|0 fnt\n|faint|p2b: Chien-Pao\n|-damage|p1a: Talonflame|15\/100|[from] Recoil\n|move|p2a: Dragapult|Dragon Darts|p1a: Talonflame\n|-damage|p1a: Talonflame|0 fnt\n|-anim|p2a: Dragapult|Dragon Darts|p1b: Wo-Chien\n|-damage|p1b: Wo-Chien|14\/100\n|-enditem|p1b: Wo-Chien|Aguav Berry|[eat]\n|-heal|p1b: Wo-Chien|47\/100|[from] item: Aguav Berry\n|faint|p1a: Talonflame\n|move|p1b: Wo-Chien|Foul Play|p2a: Dragapult\n|-supereffective|p2a: Dragapult\n|-damage|p2a: Dragapult|0 fnt\n|faint|p2a: Dragapult\n|\n|upkeep\n|-message|TypicalAndyy forfeited.\n|\n|win|Echo Rose#9471\n|raw|Echo Rose#9471's rating: 1248 → 1278<\/strong> (+30 for winning)\n|raw|TypicalAndyy's rating: 1315 → 1291<\/strong> (-24 for losing)\n|l|\u2606TypicalAndyy\n","uploadtime":1682009664,"views":6,"p1id":"echorose9471","p2id":"typicalandyy","formatid":"gen9vgc2023regulationc","rating":1278,"private":0,"password":""}