{"id":"gen9vgc2023regulationc-1846078967","p1":"Joull","p2":"000EXIA000","format":"[Gen 9] VGC 2023 Regulation C","log":"|j|\u2606Joull\n|j|\u2606000EXIA000\n|t:|1681802729\n|gametype|doubles\n|player|p1|Joull|lance-gen3|1131\n|player|p2|000EXIA000|265|1032\n|teamsize|p1|6\n|teamsize|p2|6\n|gen|9\n|tier|[Gen 9] VGC 2023 Regulation C\n|rated|\n|rule|Species Clause: Limit one of each Pok\u00e9mon\n|rule|Item Clause: Limit one of each item\n|clearpoke\n|poke|p1|Arcanine, L50, M|\n|poke|p1|Lucario, L50, M|\n|poke|p1|Palafin, L50, M|\n|poke|p1|Flutter Mane, L50|\n|poke|p1|Chien-Pao, L50|\n|poke|p1|Amoonguss, L50, F|\n|poke|p2|Veluza, L50, F|\n|poke|p2|Indeedee-F, L50, F|\n|poke|p2|Pelipper, L50, F|\n|poke|p2|Ting-Lu, L50|\n|poke|p2|Wo-Chien, L50|\n|poke|p2|Gholdengo, L50|\n|teampreview|4\n|inactive|Battle timer is ON: inactive players will automatically lose when time's up. (requested by 000EXIA000)\n|\n|t:|1681802755\n|start\n|switch|p1a: Poes|Chien-Pao, L50|100\/100\n|switch|p1b: Trix|Flutter Mane, L50|100\/100\n|switch|p2a: Veluza|Veluza, L50, F|100\/100\n|switch|p2b: Indeedee|Indeedee-F, L50, F|100\/100\n|-ability|p1a: Poes|Sword of Ruin\n|-fieldstart|move: Psychic Terrain|[from] ability: Psychic Surge|[of] p2b: Indeedee\n|-enditem|p1b: Trix|Booster Energy\n|-activate|p1b: Trix|ability: Protosynthesis|[fromitem]\n|-start|p1b: Trix|protosynthesisspa\n|turn|1\n|inactive|000EXIA000 has 30 seconds left.\n|\n|t:|1681802782\n|-terastallize|p2a: Veluza|Fairy\n|move|p1a: Poes|Ice Spinner|p2a: Veluza\n|-damage|p2a: Veluza|23\/100\n|-fieldend|move: Psychic Terrain\n|-enditem|p2a: Veluza|Sitrus Berry|[eat]\n|-heal|p2a: Veluza|47\/100|[from] item: Sitrus Berry\n|move|p1b: Trix|Dazzling Gleam|p2a: Veluza|[spread] p2a,p2b\n|-crit|p2b: Indeedee\n|-damage|p2a: Veluza|0 fnt\n|-damage|p2b: Indeedee|54\/100\n|faint|p2a: Veluza\n|move|p2b: Indeedee|Psychic Terrain|p2b: Indeedee\n|-fieldstart|move: Psychic Terrain\n|\n|upkeep\n|\n|t:|1681802795\n|switch|p2a: Gholdengo|Gholdengo, L50|100\/100\n|turn|2\n|inactive|000EXIA000 has 30 seconds left.\n|\n|t:|1681802828\n|move|p2b: Indeedee|Follow Me|p2b: Indeedee\n|-singleturn|p2b: Indeedee|move: Follow Me\n|move|p2a: Gholdengo|Make It Rain|p1a: Poes|[spread] p1a,p1b\n|-supereffective|p1a: Poes\n|-supereffective|p1b: Trix\n|-enditem|p1a: Poes|Focus Sash\n|-damage|p1a: Poes|1\/100\n|-damage|p1b: Trix|19\/100\n|-unboost|p2a: Gholdengo|spa|1\n|move|p1a: Poes|Ice Spinner|p2b: Indeedee\n|-damage|p2b: Indeedee|0 fnt\n|-fieldend|move: Psychic Terrain\n|faint|p2b: Indeedee\n|move|p1b: Trix|Shadow Ball|p2a: Gholdengo\n|-supereffective|p2a: Gholdengo\n|-damage|p2a: Gholdengo|0 fnt\n|faint|p2a: Gholdengo\n|\n|upkeep\n|\n|t:|1681802835\n|switch|p2b: Pelipper|Pelipper, L50, F|100\/100\n|-weather|RainDance|[from] ability: Drizzle|[of] p2b: Pelipper\n|turn|3\n|-message|000EXIA000 forfeited.\n|\n|win|Joull\n|raw|Joull's rating: 1131 → 1149<\/strong> (+18 for winning)\n|raw|000EXIA000's rating: 1032 → 1021<\/strong> (-11 for losing)\n|l|\u2606000EXIA000\n","uploadtime":1681802898,"views":4,"p1id":"joull","p2id":"000exia000","formatid":"gen9vgc2023regulationc","rating":1021,"private":0,"password":""}