{"id":"gen9vgc2023regulationc-1863399384","p1":"Draxolotl","p2":"DaWoblefet","format":"[Gen 9] VGC 2023 Regulation C","log":"|j|\u2606Draxolotl\n|j|\u2606DaWoblefet\n|t:|1684012047\n|gametype|doubles\n|player|p1|Draxolotl|iris-gen5bw2|\n|player|p2|DaWoblefet|#dawoblefet|\n|teamsize|p1|6\n|teamsize|p2|6\n|gen|9\n|tier|[Gen 9] VGC 2023 Regulation C\n|rated|Tournament battle\n|rule|Species Clause: Limit one of each Pok\u00e9mon\n|rule|Item Clause: Limit one of each item\n|clearpoke\n|poke|p1|Scream Tail, L50|\n|poke|p1|Kingambit, L50, M|\n|poke|p1|Ceruledge, L50, M|\n|poke|p1|Azumarill, L50, M|\n|poke|p1|Amoonguss, L50, M|\n|poke|p1|Baxcalibur, L50, F|\n|poke|p2|Jumpluff, L50, F|\n|poke|p2|Torkoal, L50, M|\n|poke|p2|Flutter Mane, L50|\n|poke|p2|Great Tusk, L50|\n|poke|p2|Chien-Pao, L50|\n|poke|p2|Kingambit, L50, F|\n|teampreview|4\n|raw| Open Team Sheet for Draxolotl<\/summary>Grrr (Scream Tail) @ Booster Energy Ability: Protosynthesis Level: 50 Tera Type: Grass - Dazzling Gleam - Howl - Disable - Encore Checkmate? (Kingambit) @ Black Glasses Ability: Defiant Level: 50 Tera Type: Flying - Iron Head - Sucker Punch - Swords Dance - Protect Ceruledge @ Assault Vest Ability: Flash Fire Level: 50 Tera Type: Grass - Bitter Blade - Shadow Sneak - Close Combat - Tera Blast Azumarill @ Choice Band Ability: Huge Power Level: 50 Tera Type: Steel - Liquidation - Aqua Jet - Play Rough - Ice Spinner Amoonguss @ Rocky Helmet Ability: Regenerator Level: 50 Tera Type: Water - Spore - Rage Powder - Protect - Pollen Puff Baxcalibur @ Clear Amulet Ability: Thermal Exchange Level: 50 Tera Type: Poison - Protect - Glaive Rush - Icicle Crash - Ice Shard <\/details><\/div> Open Team Sheet for DaWoblefet<\/summary>Jumpluff @ Coba Berry Ability: Chlorophyll Level: 50 Tera Type: Water - Leaf Storm - Sleep Powder - Encore - Tailwind Torkoal @ Eject Pack Ability: Drought Level: 50 Tera Type: Grass - Overheat - Yawn - Helping Hand - Protect Flutter Mane @ Choice Specs Ability: Protosynthesis Level: 50 Shiny: Yes Tera Type: Water - Moonblast - Shadow Ball - Dazzling Gleam - Thunderbolt Great Tusk @ Choice Scarf Ability: Protosynthesis Level: 50 Hidden Power: Fighting Tera Type: Fire - Headlong Rush - Earthquake - Close Combat - Rock Slide Chien-Pao @ Focus Sash Ability: Sword of Ruin Level: 50 Tera Type: Flying - Ice Spinner - Sucker Punch - Taunt - Protect Kingambit @ Assault Vest Ability: Defiant Level: 50 Tera Type: Fire - Kowtow Cleave - Sucker Punch - Iron Head - Brick Break <\/details><\/div>\n|inactive|Battle timer is ON: inactive players will automatically lose when time's up. (requested by Draxolotl)\n|c|\u2606DaWoblefet|gl hf\n|c|\u2606Draxolotl|im sorry but i cant let you win another tour dawob\n|c|\u2606Draxolotl|glhf\n|inactive|Draxolotl has 60 seconds left.\n|inactive|DaWoblefet has 60 seconds left.\n|j| Topperlecat\n|c| Topperlecat|Is this finals\n|c|\u2606Draxolotl|yup\n|c| Topperlecat|Damn\n|inactive|DaWoblefet has 30 seconds left.\n|c|\u2606Draxolotl|i must win to prove azu is good\n|inactive|DaWoblefet has 20 seconds left.\n|\n|t:|1684012121\n|start\n|switch|p1a: Grrr|Scream Tail, L50|100\/100\n|switch|p1b: Ceruledge|Ceruledge, L50, M|100\/100\n|switch|p2a: Chien-Pao|Chien-Pao, L50|100\/100\n|switch|p2b: Kingambit|Kingambit, L50, F|100\/100\n|-ability|p2a: Chien-Pao|Sword of Ruin\n|-enditem|p1a: Grrr|Booster Energy\n|-activate|p1a: Grrr|ability: Protosynthesis|[fromitem]\n|-start|p1a: Grrr|protosynthesisspe\n|turn|1\n|inactive|Draxolotl has 30 seconds left.\n|inactive|Draxolotl has 20 seconds left.\n|\n|t:|1684012158\n|-terastallize|p1b: Ceruledge|Grass\n|move|p2b: Kingambit|Sucker Punch|p1b: Ceruledge\n|-damage|p1b: Ceruledge|41\/100\n|move|p1a: Grrr|Howl|p1a: Grrr|[spread] p1a,p1b\n|-boost|p1a: Grrr|atk|1\n|-boost|p1b: Ceruledge|atk|1\n|move|p2a: Chien-Pao|Ice Spinner|p1b: Ceruledge\n|-supereffective|p1b: Ceruledge\n|-damage|p1b: Ceruledge|0 fnt\n|faint|p1b: Ceruledge\n|\n|upkeep\n|c|\u2606Draxolotl|hmm\n|\n|t:|1684012168\n|switch|p1b: Azumarill|Azumarill, L50, M|100\/100\n|turn|2\n|c|\u2606Draxolotl|that went bad\n|c|\u2606Draxolotl|lmao\n|c| Topperlecat|yeah\n|c| Topperlecat|R u av ceruledge?\n|c|\u2606Draxolotl|ye\n|inactive|DaWoblefet has 30 seconds left.\n|\n|t:|1684012196\n|switch|p2a: Torkoal|Torkoal, L50, M|100\/100\n|-weather|SunnyDay|[from] ability: Drought|[of] p2a: Torkoal\n|move|p1a: Grrr|Dazzling Gleam|p2a: Torkoal|[spread] p2a,p2b\n|-resisted|p2a: Torkoal\n|-damage|p2a: Torkoal|91\/100\n|-damage|p2b: Kingambit|91\/100\n|move|p2b: Kingambit|Iron Head|p1a: Grrr\n|-supereffective|p1a: Grrr\n|-damage|p1a: Grrr|30\/100\n|move|p1b: Azumarill|Play Rough|p2b: Kingambit\n|-damage|p2b: Kingambit|31\/100\n|\n|-weather|SunnyDay|[upkeep]\n|upkeep\n|turn|3\n|inactive|Draxolotl has 30 seconds left.\n|inactive|DaWoblefet has 30 seconds left.\n|\n|t:|1684012231\n|move|p1a: Grrr|Howl|p1a: Grrr|[spread] p1a,p1b\n|-boost|p1a: Grrr|atk|1\n|-boost|p1b: Azumarill|atk|1\n|move|p2b: Kingambit|Kowtow Cleave|p1a: Grrr\n|-damage|p1a: Grrr|0 fnt\n|faint|p1a: Grrr\n|-end|p1a: Grrr|Protosynthesis|[silent]\n|move|p1b: Azumarill|Play Rough|p2b: Kingambit\n|-damage|p2b: Kingambit|0 fnt\n|faint|p2b: Kingambit\n|move|p2a: Torkoal|Yawn|p1b: Azumarill\n|-start|p1b: Azumarill|move: Yawn|[of] p2a: Torkoal\n|\n|-weather|SunnyDay|[upkeep]\n|upkeep\n|\n|t:|1684012243\n|switch|p1a: Checkmate?|Kingambit, L50, M|100\/100\n|switch|p2b: Chien-Pao|Chien-Pao, L50|100\/100\n|-ability|p2b: Chien-Pao|Sword of Ruin\n|turn|4\n|\n|t:|1684012255\n|move|p2b: Chien-Pao|Protect|p2b: Chien-Pao\n|-singleturn|p2b: Chien-Pao|Protect\n|move|p2a: Torkoal|Protect|p2a: Torkoal\n|-singleturn|p2a: Torkoal|Protect\n|move|p1b: Azumarill|Play Rough|p2a: Torkoal\n|-activate|p2a: Torkoal|move: Protect\n|move|p1a: Checkmate?|Swords Dance|p1a: Checkmate?\n|-boost|p1a: Checkmate?|atk|2\n|\n|-weather|SunnyDay|[upkeep]\n|-end|p1b: Azumarill|move: Yawn|[silent]\n|-status|p1b: Azumarill|slp\n|upkeep\n|turn|5\n|\n|t:|1684012268\n|move|p2b: Chien-Pao|Sucker Punch|p1b: Azumarill\n|-resisted|p1b: Azumarill\n|-damage|p1b: Azumarill|76\/100 slp\n|move|p1a: Checkmate?|Sucker Punch||[still]\n|-fail|p1a: Checkmate?\n|cant|p1b: Azumarill|slp\n|move|p2a: Torkoal|Yawn|p1a: Checkmate?\n|-start|p1a: Checkmate?|move: Yawn|[of] p2a: Torkoal\n|\n|-weather|SunnyDay|[upkeep]\n|upkeep\n|turn|6\n|c|\u2606Draxolotl|damn i am getting wrecked\n|inactive|Draxolotl has 30 seconds left.\n|\n|t:|1684012295\n|move|p2a: Torkoal|Helping Hand|p2b: Chien-Pao\n|-singleturn|p2b: Chien-Pao|Helping Hand|[of] p2a: Torkoal\n|move|p2b: Chien-Pao|Sucker Punch|p1b: Azumarill\n|-resisted|p1b: Azumarill\n|-damage|p1b: Azumarill|41\/100 slp\n|move|p1a: Checkmate?|Sucker Punch||[still]\n|-fail|p1a: Checkmate?\n|cant|p1b: Azumarill|slp\n|\n|-weather|none\n|-end|p1a: Checkmate?|move: Yawn|[silent]\n|-status|p1a: Checkmate?|slp\n|upkeep\n|turn|7\n|\n|t:|1684012310\n|cant|p1a: Checkmate?|slp\n|move|p2b: Chien-Pao|Ice Spinner|p1b: Azumarill\n|-resisted|p1b: Azumarill\n|-damage|p1b: Azumarill|16\/100 slp\n|cant|p1b: Azumarill|slp\n|move|p2a: Torkoal|Overheat|p1a: Checkmate?\n|-supereffective|p1a: Checkmate?\n|-damage|p1a: Checkmate?|7\/100 slp\n|-unboost|p2a: Torkoal|spa|2\n|-enditem|p2a: Torkoal|Eject Pack\n|\n|t:|1684012318\n|switch|p2a: Great Tusk|Great Tusk, L50|100\/100\n|\n|upkeep\n|turn|8\n|\n|t:|1684012326\n|move|p2b: Chien-Pao|Sucker Punch|p1b: Azumarill\n|-resisted|p1b: Azumarill\n|-damage|p1b: Azumarill|0 fnt\n|faint|p1b: Azumarill\n|cant|p1a: Checkmate?|slp\n|move|p2a: Great Tusk|Headlong Rush|p1a: Checkmate?\n|-supereffective|p1a: Checkmate?\n|-damage|p1a: Checkmate?|0 fnt\n|-unboost|p2a: Great Tusk|def|1\n|-unboost|p2a: Great Tusk|spd|1\n|faint|p1a: Checkmate?\n|\n|win|DaWoblefet\n|n|\u2606Draxolotl|draxolotl\n|n|\u2606DaWoblefet|dawoblefet\n|n| Topperlecat|topperlecat\n","uploadtime":1684012327,"views":12,"p1id":"draxolotl","p2id":"dawoblefet","formatid":"gen9vgc2023regulationc","rating":0,"private":0,"password":""}