{"id":"gen9vgc2023regulationc-1852645777","p1":"Steakman5","p2":"olfkosiol","format":"[Gen 9] VGC 2023 Regulation C","log":"|j|\u2606Steakman5\n|j|\u2606olfkosiol\n|t:|1682590531\n|gametype|doubles\n|player|p1|Steakman5|swimmer-gen4|1231\n|player|p2|olfkosiol|n|1285\n|teamsize|p1|6\n|teamsize|p2|6\n|gen|9\n|tier|[Gen 9] VGC 2023 Regulation C\n|rated|\n|rule|Species Clause: Limit one of each Pok\u00e9mon\n|rule|Item Clause: Limit one of each item\n|clearpoke\n|poke|p1|Flamigo, L50, M|\n|poke|p1|Meowscarada, L50, M|\n|poke|p1|Tauros-Paldea-Blaze, L50, M|\n|poke|p1|Dondozo, L50, F|\n|poke|p1|Flutter Mane, L50|\n|poke|p1|Tatsugiri-Droopy, L50, M|\n|poke|p2|Flutter Mane, L50|\n|poke|p2|Iron Bundle, L50|\n|poke|p2|Glimmora, L50, M|\n|poke|p2|Wo-Chien, L50|\n|poke|p2|Dondozo, L50, M|\n|poke|p2|Tatsugiri, L50, M|\n|teampreview|4\n|\n|t:|1682590557\n|start\n|switch|p1a: Meowscarada|Meowscarada, L50, M|100\/100\n|switch|p1b: Tauros|Tauros-Paldea-Blaze, L50, M|100\/100\n|switch|p2a: Glimmora|Glimmora, L50, M|100\/100\n|switch|p2b: Flutter Mane|Flutter Mane, L50|100\/100\n|turn|1\n|\n|t:|1682590578\n|-terastallize|p2b: Flutter Mane|Fairy\n|-terastallize|p1b: Tauros|Steel\n|move|p2b: Flutter Mane|Dazzling Gleam|p1b: Tauros|[spread] p1a,p1b\n|-supereffective|p1a: Meowscarada\n|-resisted|p1b: Tauros\n|-enditem|p1a: Meowscarada|Focus Sash\n|-damage|p1a: Meowscarada|1\/100\n|-damage|p1b: Tauros|78\/100\n|move|p1a: Meowscarada|Flower Trick|p1b: Tauros\n|-start|p1a: Meowscarada|typechange|Grass|[from] ability: Protean\n|-resisted|p1b: Tauros\n|-crit|p1b: Tauros\n|-damage|p1b: Tauros|50\/100\n|-setboost|p1b: Tauros|atk|6|[from] ability: Anger Point\n|move|p1b: Tauros|Flame Charge|p2b: Flutter Mane\n|-enditem|p2b: Flutter Mane|Focus Sash\n|-damage|p2b: Flutter Mane|1\/100\n|-boost|p1b: Tauros|spe|1\n|move|p2a: Glimmora|Mortal Spin|p1a: Meowscarada|[spread] p1a\n|-immune|p1b: Tauros\n|-supereffective|p1a: Meowscarada\n|-damage|p1a: Meowscarada|0 fnt\n|faint|p1a: Meowscarada\n|\n|upkeep\n|\n|t:|1682590600\n|switch|p1a: Flamigo|Flamigo, L50, M|100\/100\n|-copyboost|p1a: Flamigo|p1b: Tauros|[from] ability: Costar\n|turn|2\n|\n|t:|1682590615\n|move|p1b: Tauros|Earthquake|p2b: Flutter Mane|[spread] p2a,p2b\n|-immune|p1a: Flamigo\n|-supereffective|p2a: Glimmora\n|-damage|p2a: Glimmora|0 fnt\n|-damage|p2b: Flutter Mane|0 fnt\n|-activate|p2a: Glimmora|ability: Toxic Debris\n|-sidestart|p1: Steakman5|move: Toxic Spikes\n|faint|p2a: Glimmora\n|faint|p2b: Flutter Mane\n|-end|p2b: Flutter Mane|Protosynthesis|[silent]\n|move|p1a: Flamigo|Brave Bird|p2: Glimmora|[notarget]\n|-fail|p1a: Flamigo\n|\n|upkeep\n|\n|t:|1682590620\n|switch|p2b: Iron Bundle|Iron Bundle, L50|100\/100\n|switch|p2a: Wo-Chien|Wo-Chien, L50|100\/100\n|-ability|p2a: Wo-Chien|Tablets of Ruin\n|-enditem|p2b: Iron Bundle|Booster Energy\n|-activate|p2b: Iron Bundle|ability: Quark Drive|[fromitem]\n|-start|p2b: Iron Bundle|quarkdrivespe\n|turn|3\n|\n|t:|1682590636\n|move|p2b: Iron Bundle|Icy Wind|p1b: Tauros|[spread] p1a,p1b\n|-supereffective|p1a: Flamigo\n|-resisted|p1b: Tauros\n|-damage|p1a: Flamigo|24\/100\n|-damage|p1b: Tauros|40\/100\n|-unboost|p1a: Flamigo|spe|1\n|-unboost|p1b: Tauros|spe|1\n|move|p1b: Tauros|Earthquake|p2a: Wo-Chien|[spread] p2a,p2b\n|-immune|p1a: Flamigo\n|-resisted|p2a: Wo-Chien\n|-damage|p2a: Wo-Chien|78\/100\n|-damage|p2b: Iron Bundle|13\/100\n|move|p1a: Flamigo|Brave Bird|p2b: Iron Bundle\n|-damage|p2b: Iron Bundle|0 fnt\n|faint|p2b: Iron Bundle\n|-end|p2b: Iron Bundle|Quark Drive|[silent]\n|-damage|p1a: Flamigo|20\/100|[from] Recoil\n|move|p2a: Wo-Chien|Foul Play|p1a: Flamigo\n|-resisted|p1a: Flamigo\n|-damage|p1a: Flamigo|0 fnt\n|faint|p1a: Flamigo\n|\n|upkeep\n|\n|t:|1682590653\n|switch|p1a: Flutter Mane|Flutter Mane, L50|100\/100\n|-status|p1a: Flutter Mane|psn\n|-enditem|p1a: Flutter Mane|Booster Energy\n|-activate|p1a: Flutter Mane|ability: Protosynthesis|[fromitem]\n|-start|p1a: Flutter Mane|protosynthesisspe\n|turn|4\n|\n|t:|1682590665\n|move|p1a: Flutter Mane|Dazzling Gleam|p2a: Wo-Chien\n|-supereffective|p2a: Wo-Chien\n|-damage|p2a: Wo-Chien|18\/100\n|-enditem|p2a: Wo-Chien|Sitrus Berry|[eat]\n|-heal|p2a: Wo-Chien|43\/100|[from] item: Sitrus Berry\n|move|p1b: Tauros|Raging Bull|p2a: Wo-Chien\n|-supereffective|p2a: Wo-Chien\n|-damage|p2a: Wo-Chien|0 fnt\n|faint|p2a: Wo-Chien\n|\n|win|Steakman5\n|raw|Steakman5's rating: 1231 → 1260<\/strong> (+29 for winning)\n|raw|olfkosiol's rating: 1285 → 1256<\/strong> (-29 for losing)\n|l|\u2606olfkosiol\n","uploadtime":1682590677,"views":6,"p1id":"steakman5","p2id":"olfkosiol","formatid":"gen9vgc2023regulationc","rating":1256,"private":0,"password":""}