{"id":"gen9vgc2023regulationc-1846481958","p1":"masterlight23","p2":"Blod1","format":"[Gen 9] VGC 2023 Regulation C","log":"|j|\u2606masterlight23\n|j|\u2606Blod1\n|t:|1681844504\n|gametype|doubles\n|player|p1|masterlight23|266|1086\n|player|p2|Blod1|alder|1168\n|teamsize|p1|6\n|teamsize|p2|6\n|gen|9\n|tier|[Gen 9] VGC 2023 Regulation C\n|rated|\n|rule|Species Clause: Limit one of each Pok\u00e9mon\n|rule|Item Clause: Limit one of each item\n|clearpoke\n|poke|p1|Bellibolt, L50, M|\n|poke|p1|Oranguru, L50, M|\n|poke|p1|Meowscarada, L50, M|\n|poke|p1|Torkoal, L50, M|\n|poke|p1|Roaring Moon, L50|\n|poke|p1|Sylveon, L50, M|\n|poke|p2|Amoonguss, L50, F|\n|poke|p2|Chi-Yu, L50|\n|poke|p2|Dragonite, L50, M|\n|poke|p2|Palafin, L50, M|\n|poke|p2|Gholdengo, L50|\n|poke|p2|Magnezone, L50|\n|teampreview|4\n|inactive|Battle timer is ON: inactive players will automatically lose when time's up. (requested by Blod1)\nBlod1 has agreed to open team sheets.\n|c|\u2606Blod1|glh\n|c|\u2606Blod1|f\n|\n|t:|1681844530\n|start\n|switch|p1a: Meowscarada|Meowscarada, L50, M|100\/100\n|switch|p1b: Sylveon|Sylveon, L50, M, shiny|100\/100\n|switch|p2a: Chi-Yu|Chi-Yu, L50|100\/100\n|switch|p2b: Magnezone|Magnezone, L50|100\/100\n|-ability|p2a: Chi-Yu|Beads of Ruin\n|turn|1\n|\n|t:|1681844551\n|-terastallize|p1b: Sylveon|Grass\n|move|p2a: Chi-Yu|Heat Wave|p1b: Sylveon|[spread] p1a,p1b\n|-supereffective|p1a: Meowscarada\n|-supereffective|p1b: Sylveon\n|-damage|p1a: Meowscarada|0 fnt\n|-damage|p1b: Sylveon|0 fnt\n|faint|p1a: Meowscarada\n|faint|p1b: Sylveon\n|-damage|p2a: Chi-Yu|91\/100|[from] item: Life Orb\n|move|p2b: Magnezone|Electroweb|p1: Meowscarada|[notarget]\n|-fail|p2b: Magnezone\n|\n|upkeep\n|-message|masterlight23 forfeited.\n|\n|win|Blod1\n|raw|masterlight23's rating: 1086 → 1068<\/strong> (-18 for losing)\n|raw|Blod1's rating: 1168 → 1187<\/strong> (+19 for winning)\n|l|\u2606masterlight23\n","uploadtime":1681844599,"views":15,"p1id":"masterlight23","p2id":"blod1","formatid":"gen9vgc2023regulationc","rating":1068,"private":0,"password":""}