{"id":"gen9vgc2023regulationc-1852352003","p1":"Jard13255","p2":"Hwhwh","format":"[Gen 9] VGC 2023 Regulation C","log":"|j|\u2606Jard13255\n|j|\u2606Hwhwh\n|t:|1682547149\n|gametype|doubles\n|player|p1|Jard13255|psychic-gen4|1040\n|player|p2|Hwhwh|169|1093\n|teamsize|p1|6\n|teamsize|p2|6\n|gen|9\n|tier|[Gen 9] VGC 2023 Regulation C\n|rated|\n|rule|Species Clause: Limit one of each Pok\u00e9mon\n|rule|Item Clause: Limit one of each item\n|clearpoke\n|poke|p1|Wo-Chien, L50|\n|poke|p1|Ting-Lu, L50|\n|poke|p1|Scream Tail, L50|\n|poke|p1|Toxapex, L50, F|\n|poke|p1|Garganacl, L50, M|\n|poke|p1|Gothitelle, L50, F|\n|poke|p2|Chansey, L50, F|\n|poke|p2|Ceruledge, L50, M|\n|poke|p2|Palafin, L50, F|\n|poke|p2|Wo-Chien, L50|\n|poke|p2|Scizor, L50, M|\n|poke|p2|Flutter Mane, L50|\n|teampreview|4\nJard13255 has agreed to open team sheets.\n|\n|t:|1682547210\n|start\n|switch|p1a: Toxapex|Toxapex, L50, F|100\/100\n|switch|p1b: Garganacl|Garganacl, L50, M|100\/100\n|switch|p2a: Ceruledge|Ceruledge, L50, M|100\/100\n|switch|p2b: Flutter Mane|Flutter Mane, L50|100\/100\n|turn|1\n|inactive|Battle timer is ON: inactive players will automatically lose when time's up. (requested by Jard13255)\n|\n|t:|1682547244\n|move|p2b: Flutter Mane|Shadow Ball|p1b: Garganacl\n|-damage|p1b: Garganacl|86\/100\n|move|p2a: Ceruledge|Bulk Up|p2a: Ceruledge\n|-boost|p2a: Ceruledge|atk|1\n|-boost|p2a: Ceruledge|def|1\n|move|p1a: Toxapex|Chilling Water|p2a: Ceruledge\n|-supereffective|p2a: Ceruledge\n|-damage|p2a: Ceruledge|83\/100\n|move|p1b: Garganacl|Salt Cure|p2a: Ceruledge\n|-supereffective|p2a: Ceruledge\n|-damage|p2a: Ceruledge|60\/100\n|-start|p2a: Ceruledge|Salt Cure\n|\n|-heal|p1b: Garganacl|92\/100|[from] item: Leftovers\n|-damage|p2a: Ceruledge|48\/100|[from] Salt Cure\n|upkeep\n|turn|2\n|inactive|Jard13255 has 30 seconds left.\n|inactive|Hwhwh has 30 seconds left.\n|inactive|Hwhwh has 20 seconds left.\n|\n|t:|1682547284\n|-end|p2b: Flutter Mane|Protosynthesis|[silent]\n|switch|p2b: Scizor|Scizor, L50, M, shiny|100\/100\n|move|p2a: Ceruledge|Bitter Blade|p1b: Garganacl\n|-resisted|p1b: Garganacl\n|-damage|p1b: Garganacl|70\/100\n|-heal|p2a: Ceruledge|60\/100|[from] drain|[of] p1b: Garganacl\n|move|p1a: Toxapex|Infestation|p2a: Ceruledge\n|-resisted|p2a: Ceruledge\n|-damage|p2a: Ceruledge|60\/100\n|-activate|p2a: Ceruledge|move: Infestation|[of] p1a: Toxapex\n|move|p1b: Garganacl|Salt Cure|p2a: Ceruledge\n|-supereffective|p2a: Ceruledge\n|-damage|p2a: Ceruledge|37\/100\n|\n|-heal|p1b: Garganacl|76\/100|[from] item: Leftovers\n|-damage|p2a: Ceruledge|25\/100|[from] move: Infestation|[partiallytrapped]\n|-damage|p2a: Ceruledge|13\/100|[from] Salt Cure\n|upkeep\n|turn|3\n|inactive|Hwhwh has 30 seconds left.\n|-message|Hwhwh forfeited.\n|\n|win|Jard13255\n|raw|Jard13255's rating: 1040 → 1079<\/strong> (+39 for winning)\n|raw|Hwhwh's rating: 1093 → 1065<\/strong> (-28 for losing)\n|l|\u2606Hwhwh\n|c|\u2606Jard13255|I learned from last match\n","uploadtime":1682547330,"views":13,"p1id":"jard13255","p2id":"hwhwh","formatid":"gen9vgc2023regulationc","rating":1065,"private":0,"password":""}