{"id":"gen9vgc2023regulationc-1850594187","p1":"Kaeduzolt","p2":"Texagon","format":"[Gen 9] VGC 2023 Regulation C","log":"|j|\u2606Kaeduzolt\n|j|\u2606Texagon\n|t:|1682351498\n|gametype|doubles\n|player|p1|Kaeduzolt|elesa-masters|\n|player|p2|Texagon|giovanni|\n|teamsize|p1|6\n|teamsize|p2|6\n|gen|9\n|tier|[Gen 9] VGC 2023 Regulation C\n|rated|Tournament battle\n|rule|Species Clause: Limit one of each Pok\u00e9mon\n|rule|Item Clause: Limit one of each item\n|clearpoke\n|poke|p1|Baxcalibur, L50, F|\n|poke|p1|Iron Hands, L50|\n|poke|p1|Palafin, L50, F|\n|poke|p1|Arcanine, L50, F|\n|poke|p1|Amoonguss, L50, F|\n|poke|p1|Chien-Pao, L50|\n|poke|p2|Great Tusk, L50|\n|poke|p2|Hydreigon, L50, M|\n|poke|p2|Arboliva, L50, M|\n|poke|p2|Ting-Lu, L50|\n|poke|p2|Arcanine, L50, M|\n|poke|p2|Florges-Blue, L50, F|\n|teampreview|4\n|raw| Open Team Sheet for Kaeduzolt<\/summary>Baxcalibur @ Life Orb Ability: Thermal Exchange Level: 50 Tera Type: Poison - Icicle Crash - Ice Shard - Glaive Rush - Protect Iron Hands @ Assault Vest Ability: Quark Drive Level: 50 Tera Type: Grass - Drain Punch - Volt Switch - Wild Charge - Fake Out Palafin @ Mystic Water Ability: Zero to Hero Level: 50 Tera Type: Water - Wave Crash - Jet Punch - Close Combat - Protect Arcanine @ Safety Goggles Ability: Intimidate Level: 50 Tera Type: Water - Flare Blitz - Extreme Speed - Protect - Will-O-Wisp Amoonguss @ Sitrus Berry Ability: Regenerator Level: 50 Tera Type: Steel - Protect - Spore - Pollen Puff - Rage Powder Chien-Pao @ Focus Sash Ability: Sword of Ruin Level: 50 Tera Type: Dark - Protect - Sucker Punch - Ice Spinner - Haze <\/details><\/div> Open Team Sheet for Texagon<\/summary>Great Tusk @ Booster Energy Ability: Protosynthesis Level: 50 Hidden Power: Fighting Tera Type: Ground - Brick Break - Earthquake - Knock Off - Protect Hydreigon (M) @ Scope Lens Ability: Levitate Level: 50 Shiny: Yes Tera Type: Poison - Draco Meteor - Helping Hand - Focus Energy - Tailwind Arboliva (M) @ Leftovers Ability: Seed Sower Level: 50 Tera Type: Grass - Giga Drain - Leech Seed - Strength Sap - Protect Ting-Lu @ Assault Vest Ability: Vessel of Ruin Level: 50 Tera Type: Fairy - Fissure - Stomping Tantrum - Ruination - Heavy Slam Arcanine (M) @ Black Glasses Ability: Intimidate Level: 50 Tera Type: Dark - Will-O-Wisp - Snarl - Morning Sun - Helping Hand Florges (Florges-Blue) (F) @ Focus Sash Ability: Flower Veil Level: 50 Shiny: Yes Tera Type: Fairy - Endeavor - Calm Mind - Draining Kiss - Pollen Puff <\/details><\/div>\n|j| FunneeMonkee\n|j|#DaWoblefet\n|inactive|Battle timer is ON: inactive players will automatically lose when time's up. (requested by Kaeduzolt)\n|\n|t:|1682351552\n|start\n|switch|p1a: Iron Hands|Iron Hands, L50|100\/100\n|switch|p1b: Palafin|Palafin, L50, F|100\/100\n|switch|p2a: Great Tusk|Great Tusk, L50|100\/100\n|switch|p2b: Arcanine|Arcanine, L50, M|100\/100\n|-ability|p2b: Arcanine|Intimidate|boost\n|-unboost|p1a: Iron Hands|atk|1\n|-unboost|p1b: Palafin|atk|1\n|-enditem|p2a: Great Tusk|Booster Energy\n|-activate|p2a: Great Tusk|ability: Protosynthesis|[fromitem]\n|-start|p2a: Great Tusk|protosynthesisatk\n|turn|1\n|j| spectacled eider\n|\n|t:|1682351569\n|detailschange|p1b: Palafin|Palafin-Hero, L50, F\n|switch|p1b: Arcanine|Arcanine, L50, F|100\/100\n|-ability|p1b: Arcanine|Intimidate|boost\n|-unboost|p2a: Great Tusk|atk|1\n|-unboost|p2b: Arcanine|atk|1\n|switch|p2b: Ting-Lu|Ting-Lu, L50|100\/100\n|-ability|p2b: Ting-Lu|Vessel of Ruin\n|move|p2a: Great Tusk|Protect|p2a: Great Tusk\n|-singleturn|p2a: Great Tusk|Protect\n|move|p1a: Iron Hands|Fake Out|p2a: Great Tusk\n|-activate|p2a: Great Tusk|move: Protect\n|\n|upkeep\n|turn|2\n|inactive|Texagon has 30 seconds left.\n|\n|t:|1682351594\n|-end|p2a: Great Tusk|Protosynthesis|[silent]\n|switch|p2a: Arcanine|Arcanine, L50, M|100\/100\n|-ability|p2a: Arcanine|Intimidate|boost\n|-unboost|p1a: Iron Hands|atk|1\n|-unboost|p1b: Arcanine|atk|1\n|move|p1b: Arcanine|Will-O-Wisp|p2a: Arcanine\n|-immune|p2a: Arcanine\n|move|p1a: Iron Hands|Drain Punch|p2b: Ting-Lu\n|-supereffective|p2b: Ting-Lu\n|-damage|p2b: Ting-Lu|77\/100\n|move|p2b: Ting-Lu|Fissure|p1b: Arcanine|[miss]\n|-miss|p2b: Ting-Lu|p1b: Arcanine\n|\n|upkeep\n|turn|3\n|c|#DaWoblefet|how the heck did Tusk still get an Attack boost?\n|inactive|Kaeduzolt has 30 seconds left.\n|\n|t:|1682351628\n|move|p1b: Arcanine|Protect|p1b: Arcanine\n|-singleturn|p1b: Arcanine|Protect\n|move|p2a: Arcanine|Will-O-Wisp|p1a: Iron Hands\n|-status|p1a: Iron Hands|brn\n|move|p1a: Iron Hands|Volt Switch|p2a: Arcanine\n|-damage|p2a: Arcanine|93\/100\n|j| Adsheesh\n|\n|t:|1682351639\n|-end|p1a: Iron Hands|Quark Drive|[silent]\n|switch|p1a: Palafin|Palafin-Hero, L50, F|100\/100|[from] Volt Switch\n|-activate|p1a: Palafin|ability: Zero to Hero\n|move|p2b: Ting-Lu|Stomping Tantrum|p1b: Arcanine\n|-activate|p1b: Arcanine|move: Protect\n|\n|upkeep\n|turn|4\n|\n|t:|1682351653\n|switch|p1b: Chien-Pao|Chien-Pao, L50|100\/100\n|-ability|p1b: Chien-Pao|Sword of Ruin\n|-terastallize|p1a: Palafin|Water\n|-terastallize|p2b: Ting-Lu|Fairy\n|move|p1a: Palafin|Jet Punch|p2a: Arcanine\n|-supereffective|p2a: Arcanine\n|-damage|p2a: Arcanine|0 fnt\n|faint|p2a: Arcanine\n|move|p2b: Ting-Lu|Fissure|p1b: Chien-Pao|[miss]\n|-miss|p2b: Ting-Lu|p1b: Chien-Pao\n|\n|upkeep\n|\n|t:|1682351666\n|switch|p2a: Great Tusk|Great Tusk, L50|100\/100\n|turn|5\n|\n|t:|1682351679\n|move|p1a: Palafin|Jet Punch|p2a: Great Tusk\n|-supereffective|p2a: Great Tusk\n|-damage|p2a: Great Tusk|0 fnt\n|faint|p2a: Great Tusk\n|-end|p2a: Great Tusk|Protosynthesis|[silent]\n|move|p1b: Chien-Pao|Ice Spinner|p2b: Ting-Lu\n|-damage|p2b: Ting-Lu|47\/100\n|move|p2b: Ting-Lu|Fissure|p1a: Palafin|[miss]\n|-miss|p2b: Ting-Lu|p1a: Palafin\n|\n|upkeep\n|\n|t:|1682351688\n|switch|p2a: Hydreigon|Hydreigon, L50, M, shiny|100\/100\n|turn|6\n|\n|t:|1682351702\n|move|p1a: Palafin|Protect|p1a: Palafin\n|-singleturn|p1a: Palafin|Protect\n|move|p1b: Chien-Pao|Ice Spinner|p2a: Hydreigon\n|-supereffective|p2a: Hydreigon\n|-damage|p2a: Hydreigon|0 fnt\n|faint|p2a: Hydreigon\n|move|p2b: Ting-Lu|Heavy Slam|p1b: Chien-Pao\n|-supereffective|p1b: Chien-Pao\n|-damage|p1b: Chien-Pao|18\/100\n|\n|upkeep\n|turn|7\n|j| HardFreaQ\n|c|\u2606Kaeduzolt|gg\n|\n|t:|1682351716\n|move|p1b: Chien-Pao|Ice Spinner|p2b: Ting-Lu\n|-damage|p2b: Ting-Lu|19\/100\n|move|p1a: Palafin|Wave Crash|p2b: Ting-Lu\n|-damage|p2b: Ting-Lu|0 fnt\n|faint|p2b: Ting-Lu\n|-damage|p1a: Palafin|93\/100|[from] Recoil\n|\n|win|Kaeduzolt\n|n|\u2606Kaeduzolt|kaeduzolt\n|n|\u2606Texagon|texagon\n|n| FunneeMonkee|funneemonkee\n|n|&DaWoblefet|dawoblefet\n|n| spectacled eider|spectacledeider\n|n| Adsheesh|adsheesh\n|n| HardFreaQ|hardfreaq\n|l|\u2606Texagon\n|l| Adsheesh\n|l| HardFreaQ\n","uploadtime":1682351718,"views":16,"p1id":"kaeduzolt","p2id":"texagon","formatid":"gen9vgc2023regulationc","rating":0,"private":0,"password":""}