{"id":"gen9vgc2023regulationc-1860586192","p1":"xplodingpigz","p2":"tpeg2140","format":"[Gen 9] VGC 2023 Regulation C","log":"|j|\u2606xplodingpigz\n|j|\u2606tpeg2140\n|t:|1683656739\n|gametype|doubles\n|player|p1|xplodingpigz|lucas|1177\n|player|p2|tpeg2140|266|1125\n|teamsize|p1|6\n|teamsize|p2|6\n|gen|9\n|tier|[Gen 9] VGC 2023 Regulation C\n|rated|\n|rule|Species Clause: Limit one of each Pok\u00e9mon\n|rule|Item Clause: Limit one of each item\n|clearpoke\n|poke|p1|Lycanroc, L50, M|\n|poke|p1|Corviknight, L50, M|\n|poke|p1|Iron Bundle, L50|\n|poke|p1|Tyranitar, L50, F|\n|poke|p1|Garchomp, L50, F|\n|poke|p1|Flutter Mane, L50|\n|poke|p2|Ting-Lu, L50|\n|poke|p2|Flutter Mane, L50|\n|poke|p2|Dragonite, L50, M|\n|poke|p2|Palafin, L50, M|\n|poke|p2|Amoonguss, L50, M|\n|poke|p2|Arcanine, L50, F|\n|teampreview|4\n|inactive|Battle timer is ON: inactive players will automatically lose when time's up. (requested by tpeg2140)\ntpeg2140 has agreed to open team sheets.\n|\n|t:|1683656765\n|start\n|switch|p1a: Lycanroc|Lycanroc, L50, M|100\/100\n|switch|p1b: Tyranitar|Tyranitar, L50, F|100\/100\n|switch|p2a: Coco|Flutter Mane, L50|100\/100\n|switch|p2b: Arti|Palafin, L50, M|100\/100\n|-weather|Sandstorm|[from] ability: Sand Stream|[of] p1b: Tyranitar\n|turn|1\n|\n|t:|1683656780\n|detailschange|p2b: Arti|Palafin-Hero, L50, M\n|switch|p2b: Moto|Arcanine, L50, F|100\/100\n|-ability|p2b: Moto|Intimidate|boost\n|-unboost|p1a: Lycanroc|atk|1\n|-unboost|p1b: Tyranitar|atk|1\n|-terastallize|p2a: Coco|Fairy\n|move|p1a: Lycanroc|Rock Slide|p2b: Moto|[spread] p2a,p2b\n|-supereffective|p2b: Moto\n|-damage|p2a: Coco|56\/100\n|-damage|p2b: Moto|56\/100\n|cant|p2a: Coco|flinch\n|move|p1b: Tyranitar|Rock Slide|p2b: Moto|[spread] p2a,p2b\n|-supereffective|p2b: Moto\n|-damage|p2a: Coco|6\/100\n|-damage|p2b: Moto|12\/100\n|\n|-weather|Sandstorm|[upkeep]\n|-damage|p2a: Coco|0 fnt|[from] Sandstorm\n|faint|p2a: Coco\n|-end|p2a: Coco|Protosynthesis|[silent]\n|upkeep\n|c|\u2606tpeg2140|fucking horseshit\n|c|\u2606tpeg2140|literally\n|-message|tpeg2140 forfeited.\n|\n|win|xplodingpigz\n|raw|xplodingpigz's rating: 1177 → 1198<\/strong> (+21 for winning)\n|raw|tpeg2140's rating: 1125 → 1104<\/strong> (-21 for losing)\n|l|\u2606tpeg2140\n","uploadtime":1683656797,"views":7,"p1id":"xplodingpigz","p2id":"tpeg2140","formatid":"gen9vgc2023regulationc","rating":1104,"private":0,"password":""}