{"id":"gen9vgc2023regulationc-1851920892","p1":"birIkiUc","p2":"KatafriVGC","format":"[Gen 9] VGC 2023 Regulation C","log":"|j|\u2606birIkiUc\n|j|\u2606KatafriVGC\n|t:|1682506098\n|gametype|doubles\n|player|p1|birIkiUc|bugcatcher-gen4dp|1195\n|player|p2|KatafriVGC|n|1111\n|teamsize|p1|6\n|teamsize|p2|6\n|gen|9\n|tier|[Gen 9] VGC 2023 Regulation C\n|rated|\n|rule|Species Clause: Limit one of each Pok\u00e9mon\n|rule|Item Clause: Limit one of each item\n|clearpoke\n|poke|p1|Murkrow, L50, M|\n|poke|p1|Chi-Yu, L50|\n|poke|p1|Flutter Mane, L50|\n|poke|p1|Great Tusk, L50|\n|poke|p1|Brute Bonnet, L50|\n|poke|p1|Corviknight, L50, F|\n|poke|p2|Abomasnow, L50, F|\n|poke|p2|Baxcalibur, L50, M|\n|poke|p2|Kingambit, L50, M|\n|poke|p2|Frosmoth, L50, F|\n|poke|p2|Slowking, L50, F|\n|poke|p2|Iron Bundle, L50|\n|teampreview|4\n|inactive|Battle timer is ON: inactive players will automatically lose when time's up. (requested by birIkiUc)\n|inactive|birIkiUc has 60 seconds left.\n|inactive|KatafriVGC has 60 seconds left.\n|inactive|KatafriVGC has 30 seconds left.\n|\n|t:|1682506171\n|start\n|switch|p1a: Murkrow|Murkrow, L50, M, shiny|100\/100\n|switch|p1b: Corviknight|Corviknight, L50, F|100\/100\n|switch|p2a: Obamasnow|Abomasnow, L50, F, shiny|100\/100\n|switch|p2b: Frosmoth|Frosmoth, L50, F|100\/100\n|-weather|Snow|[from] ability: Snow Warning|[of] p2a: Obamasnow\n|turn|1\n|\n|t:|1682506197\n|move|p1a: Murkrow|Sunny Day|p1a: Murkrow\n|-weather|SunnyDay\n|move|p2b: Frosmoth|Blizzard|p1a: Murkrow|[spread] p1a,p1b\n|-supereffective|p1a: Murkrow\n|-damage|p1a: Murkrow|20\/100\n|-damage|p1b: Corviknight|57\/100\n|move|p1b: Corviknight|Brave Bird|p2a: Obamasnow\n|-supereffective|p2a: Obamasnow\n|-damage|p2a: Obamasnow|0 fnt\n|faint|p2a: Obamasnow\n|-damage|p1b: Corviknight|22\/100|[from] Recoil\n|\n|-weather|SunnyDay|[upkeep]\n|upkeep\n|\n|t:|1682506220\n|switch|p2a: Kingambit|Kingambit, L50, M|100\/100\n|turn|2\n|\n|t:|1682506232\n|move|p1a: Murkrow|Tailwind|p1a: Murkrow\n|-sidestart|p1: birIkiUc|move: Tailwind\n|move|p2a: Kingambit|Sucker Punch|p1b: Corviknight\n|-damage|p1b: Corviknight|0 fnt\n|faint|p1b: Corviknight\n|move|p2b: Frosmoth|Blizzard|p1a: Murkrow\n|-supereffective|p1a: Murkrow\n|-damage|p1a: Murkrow|0 fnt\n|faint|p1a: Murkrow\n|\n|-weather|SunnyDay|[upkeep]\n|upkeep\n|\n|t:|1682506239\n|switch|p1a: Chi-Yu|Chi-Yu, L50|100\/100\n|switch|p1b: Great Tusk|Great Tusk, L50|100\/100\n|-activate|p1b: Great Tusk|ability: Protosynthesis\n|-start|p1b: Great Tusk|protosynthesisatk\n|-ability|p1a: Chi-Yu|Beads of Ruin\n|turn|3\n|inactive|birIkiUc has 30 seconds left.\n|\n|t:|1682506265\n|-terastallize|p1b: Great Tusk|Steel\n|-terastallize|p2b: Frosmoth|Ground\n|move|p2b: Frosmoth|Wide Guard|p2b: Frosmoth\n|-singleturn|p2b: Frosmoth|Wide Guard\n|move|p1b: Great Tusk|Headlong Rush|p2a: Kingambit\n|-supereffective|p2a: Kingambit\n|-damage|p2a: Kingambit|0 fnt\n|-unboost|p1b: Great Tusk|def|1\n|-unboost|p1b: Great Tusk|spd|1\n|faint|p2a: Kingambit\n|move|p1a: Chi-Yu|Heat Wave|p2b: Frosmoth\n|-activate|p2b: Frosmoth|move: Wide Guard\n|\n|-weather|SunnyDay|[upkeep]\n|upkeep\n|\n|t:|1682506278\n|switch|p2a: Baxcalibur|Baxcalibur, L50, M|100\/100\n|turn|4\n|inactive|KatafriVGC has 30 seconds left.\n|inactive|KatafriVGC has 20 seconds left.\n|inactive|KatafriVGC has 15 seconds left.\n|\n|t:|1682506321\n|move|p1b: Great Tusk|Headlong Rush|p2a: Baxcalibur\n|-damage|p2a: Baxcalibur|14\/100\n|-unboost|p1b: Great Tusk|def|1\n|-unboost|p1b: Great Tusk|spd|1\n|move|p1a: Chi-Yu|Dark Pulse|p2b: Frosmoth\n|-damage|p2b: Frosmoth|57\/100\n|-damage|p1a: Chi-Yu|90\/100|[from] item: Life Orb\n|move|p2a: Baxcalibur|Earthquake|p1a: Chi-Yu|[spread] p2b,p1a,p1b\n|-supereffective|p1a: Chi-Yu\n|-supereffective|p1b: Great Tusk\n|-damage|p2b: Frosmoth|0 fnt\n|-damage|p1a: Chi-Yu|0 fnt\n|-damage|p1b: Great Tusk|0 fnt\n|faint|p2b: Frosmoth\n|faint|p1a: Chi-Yu\n|faint|p1b: Great Tusk\n|-end|p1b: Great Tusk|Protosynthesis|[silent]\n|-damage|p2a: Baxcalibur|4\/100|[from] item: Life Orb\n|\n|win|KatafriVGC\n|raw|birIkiUc's rating: 1195 → 1164<\/strong> (-31 for losing)\n|raw|KatafriVGC's rating: 1111 → 1142<\/strong> (+31 for winning)\n|c|\u2606KatafriVGC|LOL GG\n|c|\u2606birIkiUc|Didnt expect that gg\n|c|\u2606KatafriVGC|why didn't you heatwave again?\n|c|\u2606birIkiUc|Never seen it run eq\n|c|\u2606birIkiUc|Cant you wife guard\n|c|\u2606birIkiUc|Wide*\n|c|\u2606KatafriVGC|it's like protect, it has a chance to fail\n|c|\u2606birIkiUc|Ah\n","uploadtime":1682506408,"views":16,"p1id":"birikiuc","p2id":"katafrivgc","formatid":"gen9vgc2023regulationc","rating":1142,"private":0,"password":""}