{"id":"gen9vgc2023regulationc-1859272310","p1":"Xbox_winnerYT","p2":"WEAK3NDS","format":"[Gen 9] VGC 2023 Regulation C","log":"|j|\u2606Xbox_winnerYT\n|j|\u2606WEAK3NDS\n|t:|1683426847\n|gametype|doubles\n|player|p1|Xbox_winnerYT|volkner|1142\n|player|p2|WEAK3NDS|hoopster|1095\n|teamsize|p1|6\n|teamsize|p2|6\n|gen|9\n|tier|[Gen 9] VGC 2023 Regulation C\n|rated|\n|rule|Species Clause: Limit one of each Pok\u00e9mon\n|rule|Item Clause: Limit one of each item\n|clearpoke\n|poke|p1|Bellibolt, L50, F|\n|poke|p1|Bronzong, L50|\n|poke|p1|Arboliva, L50, M|\n|poke|p1|Kingambit, L50, M|\n|poke|p1|Indeedee-F, L50, F|\n|poke|p1|Armarouge, L50, M|\n|poke|p2|Garganacl, L50, M|\n|poke|p2|Toedscruel, L50, M|\n|poke|p2|Flutter Mane, L50|\n|poke|p2|Gyarados, L50, M|\n|poke|p2|Slither Wing, L50|\n|poke|p2|Orthworm, L50, F|\n|teampreview|4\n|inactive|Battle timer is ON: inactive players will automatically lose when time's up. (requested by Xbox_winnerYT)\n|inactive|Xbox_winnerYT has 60 seconds left.\n|inactive|WEAK3NDS has 60 seconds left.\nXbox_winnerYT rejected open team sheets.\n|\n|t:|1683426898\n|start\n|switch|p1a: Bronzong|Bronzong, L50|100\/100\n|switch|p1b: Bellibolt|Bellibolt, L50, F|100\/100\n|switch|p2a: Garganacl|Garganacl, L50, M|100\/100\n|switch|p2b: Orthworm|Orthworm, L50, F|100\/100\n|turn|1\n|inactive|Xbox_winnerYT has 30 seconds left.\n|\n|t:|1683426923\n|move|p1b: Bellibolt|Protect|p1b: Bellibolt\n|-singleturn|p1b: Bellibolt|Protect\n|move|p2b: Orthworm|Shed Tail|p2b: Orthworm\n|-start|p2b: Orthworm|Substitute|[from] move: Shed Tail\n|-damage|p2b: Orthworm|50\/100\n|-enditem|p2b: Orthworm|Sitrus Berry|[eat]\n|-heal|p2b: Orthworm|75\/100|[from] item: Sitrus Berry\n|\n|t:|1683426933\n|switch|p2b: Slither Wing|Slither Wing, L50|100\/100|[from] Shed Tail\n|-enditem|p2b: Slither Wing|Booster Energy\n|-activate|p2b: Slither Wing|ability: Protosynthesis|[fromitem]\n|-start|p2b: Slither Wing|protosynthesisatk\n|move|p2a: Garganacl|Salt Cure|p1a: Bronzong\n|-resisted|p1a: Bronzong\n|-damage|p1a: Bronzong|95\/100\n|-start|p1a: Bronzong|Salt Cure\n|move|p1a: Bronzong|Trick Room|p1a: Bronzong\n|-fieldstart|move: Trick Room|[of] p1a: Bronzong\n|\n|-damage|p1a: Bronzong|70\/100|[from] Salt Cure\n|upkeep\n|turn|2\n|inactive|WEAK3NDS has 30 seconds left.\n|\n|t:|1683426965\n|move|p2a: Garganacl|Protect|p2a: Garganacl\n|-singleturn|p2a: Garganacl|Protect\n|move|p1a: Bronzong|Bulldoze|p2b: Slither Wing|[spread] p1b,p2b\n|-activate|p2a: Garganacl|move: Protect\n|-resisted|p2b: Slither Wing\n|-activate|p2b: Slither Wing|move: Substitute|[damage]\n|-supereffective|p1b: Bellibolt\n|-damage|p1b: Bellibolt|82\/100\n|-unboost|p1b: Bellibolt|spe|1\n|-start|p1b: Bellibolt|Charge|Bulldoze|[from] ability: Electromorphosis\n|-enditem|p1b: Bellibolt|Weakness Policy\n|-boost|p1b: Bellibolt|atk|2|[from] item: Weakness Policy\n|-boost|p1b: Bellibolt|spa|2|[from] item: Weakness Policy\n|move|p1b: Bellibolt|Parabolic Charge|p2a: Garganacl|[spread] p1a,p2b\n|-activate|p2a: Garganacl|move: Protect\n|-end|p2b: Slither Wing|Substitute\n|-heal|p1b: Bellibolt|90\/100|[from] drain|[of] p2b: Slither Wing\n|-damage|p1a: Bronzong|0 fnt\n|-heal|p1b: Bellibolt|100\/100|[from] drain|[of] p1a: Bronzong\n|faint|p1a: Bronzong\n|-end|p1b: Bellibolt|Charge|[silent]\n|move|p2b: Slither Wing|Close Combat|p1b: Bellibolt\n|-damage|p1b: Bellibolt|19\/100\n|-unboost|p2b: Slither Wing|def|1\n|-unboost|p2b: Slither Wing|spd|1\n|-start|p1b: Bellibolt|Charge|Close Combat|[from] ability: Electromorphosis\n|\n|upkeep\n|inactive|Xbox_winnerYT has 30 seconds left.\n|\n|t:|1683426993\n|switch|p1a: Arboliva|Arboliva, L50, M|100\/100\n|turn|3\n|inactive|WEAK3NDS has 30 seconds left.\n|inactive|WEAK3NDS has 20 seconds left.\n|\n|t:|1683427030\n|move|p2b: Slither Wing|Protect|p2b: Slither Wing\n|-singleturn|p2b: Slither Wing|Protect\n|move|p1b: Bellibolt|Parabolic Charge|p2b: Slither Wing|[spread] p1a,p2a\n|-activate|p2b: Slither Wing|move: Protect\n|-resisted|p1a: Arboliva\n|-damage|p1a: Arboliva|75\/100\n|-heal|p1b: Bellibolt|30\/100|[from] drain|[of] p1a: Arboliva\n|-damage|p2a: Garganacl|41\/100\n|-heal|p1b: Bellibolt|59\/100|[from] drain|[of] p2a: Garganacl\n|-fieldstart|move: Grassy Terrain|[from] ability: Seed Sower|[of] p1a: Arboliva\n|-end|p1b: Bellibolt|Charge|[silent]\n|move|p2a: Garganacl|Salt Cure|p1b: Bellibolt\n|-damage|p1b: Bellibolt|46\/100\n|-start|p1b: Bellibolt|Salt Cure\n|-start|p1b: Bellibolt|Charge|Salt Cure|[from] ability: Electromorphosis\n|move|p1a: Arboliva|Energy Ball|p2a: Garganacl\n|-supereffective|p2a: Garganacl\n|-damage|p2a: Garganacl|0 fnt\n|faint|p2a: Garganacl\n|\n|-heal|p1b: Bellibolt|52\/100|[from] Grassy Terrain\n|-heal|p1a: Arboliva|80\/100|[from] Grassy Terrain\n|-damage|p1b: Bellibolt|40\/100|[from] Salt Cure\n|upkeep\n|\n|t:|1683427051\n|switch|p2a: Orthworm|Orthworm, L50, F|75\/100\n|turn|4\n|\n|t:|1683427070\n|move|p1b: Bellibolt|Parabolic Charge|p2b: Slither Wing|[spread] p1a,p2a,p2b\n|-resisted|p1a: Arboliva\n|-damage|p1a: Arboliva|52\/100\n|-heal|p1b: Bellibolt|52\/100|[from] drain|[of] p1a: Arboliva\n|-damage|p2a: Orthworm|0 fnt\n|-heal|p1b: Bellibolt|83\/100|[from] drain|[of] p2a: Orthworm\n|-damage|p2b: Slither Wing|0 fnt\n|-heal|p1b: Bellibolt|100\/100|[from] drain|[of] p2b: Slither Wing\n|faint|p2a: Orthworm\n|faint|p2b: Slither Wing\n|-end|p2b: Slither Wing|Protosynthesis|[silent]\n|-end|p1b: Bellibolt|Charge|[silent]\n|move|p1a: Arboliva|Energy Ball|p2: Orthworm|[notarget]\n|-fail|p1a: Arboliva\n|\n|-heal|p1a: Arboliva|58\/100|[from] Grassy Terrain\n|-damage|p1b: Bellibolt|88\/100|[from] Salt Cure\n|upkeep\n|-message|WEAK3NDS forfeited.\n|\n|win|Xbox_winnerYT\n|raw|Xbox_winnerYT's rating: 1142 → 1164<\/strong> (+22 for winning)\n|raw|WEAK3NDS's rating: 1095 → 1074<\/strong> (-21 for losing)\n|l|\u2606WEAK3NDS\n","uploadtime":1683427087,"views":12,"p1id":"xboxwinneryt","p2id":"weak3nds","formatid":"gen9vgc2023regulationc","rating":1074,"private":0,"password":""}