{"id":"gen9vgc2023regulationc-1847420185","p1":"robsquad","p2":"ultramandyna","format":"[Gen 9] VGC 2023 Regulation C","log":"|j|\u2606robsquad\n|j|\u2606ultramandyna\n|t:|1681952988\n|gametype|doubles\n|player|p1|robsquad|102|1160\n|player|p2|ultramandyna|2|1021\n|teamsize|p1|6\n|teamsize|p2|6\n|gen|9\n|tier|[Gen 9] VGC 2023 Regulation C\n|rated|\n|rule|Species Clause: Limit one of each Pok\u00e9mon\n|rule|Item Clause: Limit one of each item\n|clearpoke\n|poke|p1|Flutter Mane, L50|\n|poke|p1|Chi-Yu, L50|\n|poke|p1|Iron Bundle, L50|\n|poke|p1|Tsareena, L50, F|\n|poke|p1|Iron Jugulis, L50|\n|poke|p1|Iron Hands, L50|\n|poke|p2|Amoonguss, L50, M|\n|poke|p2|Gholdengo, L50|\n|poke|p2|Kingambit, L50, M|\n|poke|p2|Ting-Lu, L50|\n|poke|p2|Palafin, L50, M|\n|poke|p2|Skeledirge, L50, M|\n|teampreview|4\n|\n|t:|1681953028\n|start\n|switch|p1a: Flutter Mane|Flutter Mane, L50|100\/100\n|switch|p1b: Chi-Yu|Chi-Yu, L50|100\/100\n|switch|p2a: Palafin|Palafin, L50, M|100\/100\n|switch|p2b: Amoonguss|Amoonguss, L50, M|100\/100\n|-ability|p1b: Chi-Yu|Beads of Ruin\n|turn|1\n|\n|t:|1681953067\n|-end|p1a: Flutter Mane|Protosynthesis|[silent]\n|switch|p1a: Tsareena|Tsareena, L50, F|100\/100\n|-terastallize|p2a: Palafin|Water\n|move|p2b: Amoonguss|Protect|p2b: Amoonguss\n|-singleturn|p2b: Amoonguss|Protect\n|move|p2a: Palafin|Jet Punch||[still]\n|cant|p1a: Tsareena|ability: Queenly Majesty|Jet Punch|[of] p2a: Palafin\n|move|p1b: Chi-Yu|Heat Wave|p2a: Palafin|[spread] p2a\n|-activate|p2b: Amoonguss|move: Protect\n|-resisted|p2a: Palafin\n|-damage|p2a: Palafin|57\/100\n|-damage|p1b: Chi-Yu|91\/100|[from] item: Life Orb\n|\n|upkeep\n|turn|2\n|\n|t:|1681953099\n|move|p1b: Chi-Yu|Protect|p1b: Chi-Yu\n|-singleturn|p1b: Chi-Yu|Protect\n|move|p2a: Palafin|Wave Crash|p1b: Chi-Yu\n|-activate|p1b: Chi-Yu|move: Protect\n|move|p1a: Tsareena|Power Whip|p2a: Palafin\n|-supereffective|p2a: Palafin\n|-damage|p2a: Palafin|0 fnt\n|faint|p2a: Palafin\n|move|p2b: Amoonguss|Pollen Puff|p2: Palafin|[notarget]\n|-fail|p2b: Amoonguss\n|\n|upkeep\n|-message|ultramandyna forfeited.\n|\n|win|robsquad\n|raw|robsquad's rating: 1160 → 1175<\/strong> (+15 for winning)\n|raw|ultramandyna's rating: 1021 → 1013<\/strong> (-8 for losing)\n|l|\u2606ultramandyna\n","uploadtime":1681953206,"views":4,"p1id":"robsquad","p2id":"ultramandyna","formatid":"gen9vgc2023regulationc","rating":1013,"private":0,"password":""}