{"id":"gen9vgc2023regulationc-1863867233","p1":"Laurentiius","p2":"vasuvasuvasu","format":"[Gen 9] VGC 2023 Regulation C","log":"|j|\u2606Laurentiius\n|j|\u2606vasuvasuvasu\n|t:|1684087257\n|gametype|doubles\n|player|p1|Laurentiius|101|\n|player|p2|vasuvasuvasu|101|\n|teamsize|p1|6\n|teamsize|p2|6\n|gen|9\n|tier|[Gen 9] VGC 2023 Regulation C\n|rule|Species Clause: Limit one of each Pok\u00e9mon\n|rule|Item Clause: Limit one of each item\n|clearpoke\n|poke|p1|Kingambit, L50, F|\n|poke|p1|Dragonite, L50, F|\n|poke|p1|Dondozo, L50, F|\n|poke|p1|Tatsugiri, L50, F|\n|poke|p1|Pelipper, L50, M|\n|poke|p1|Palafin, L50, F|\n|poke|p2|Meowscarada, L50, M|\n|poke|p2|Iron Bundle, L50|\n|poke|p2|Annihilape, L50, F|\n|poke|p2|Roaring Moon, L50|\n|poke|p2|Gholdengo, L50|\n|poke|p2|Gothorita, L50, M|\n|teampreview|4\nLaurentiius has agreed to open team sheets.\n|\n|t:|1684087326\n|start\n|switch|p1a: Kingambit|Kingambit, L50, F|100\/100\n|switch|p1b: Dragonite|Dragonite, L50, F|100\/100\n|switch|p2a: Roaring Moan|Roaring Moon, L50|100\/100\n|switch|p2b: Lolita|Gothorita, L50, M|100\/100\n|turn|1\n|\n|t:|1684087357\n|move|p2b: Lolita|Fake Out|p1b: Dragonite\n|-damage|p1b: Dragonite|98\/100\n|move|p2a: Roaring Moan|Breaking Swipe|p1a: Kingambit|[spread] p1a,p1b\n|-resisted|p1a: Kingambit\n|-supereffective|p1b: Dragonite\n|-damage|p1a: Kingambit|88\/100\n|-damage|p1b: Dragonite|22\/100\n|-unboost|p1a: Kingambit|atk|1\n|-ability|p1a: Kingambit|Defiant|boost\n|-boost|p1a: Kingambit|atk|2\n|-unboost|p1b: Dragonite|atk|1\n|-damage|p2a: Roaring Moan|90\/100|[from] item: Life Orb\n|cant|p1b: Dragonite|flinch\n|move|p1a: Kingambit|Kowtow Cleave|p2b: Lolita\n|-supereffective|p2b: Lolita\n|-damage|p2b: Lolita|0 fnt\n|faint|p2b: Lolita\n|\n|upkeep\n|\n|t:|1684087383\n|switch|p2b: Catsune Miku|Meowscarada, L50, M|100\/100\n|turn|2\n|\n|t:|1684087403\n|-terastallize|p1a: Kingambit|Flying\n|move|p1b: Dragonite|Extreme Speed|p2a: Roaring Moan\n|-damage|p2a: Roaring Moan|49\/100\n|move|p2b: Catsune Miku|Brick Break|p1a: Kingambit\n|-resisted|p1a: Kingambit\n|-damage|p1a: Kingambit|78\/100\n|move|p2a: Roaring Moan|Brick Break|p1a: Kingambit\n|-resisted|p1a: Kingambit\n|-damage|p1a: Kingambit|65\/100\n|-damage|p2a: Roaring Moan|39\/100|[from] item: Life Orb\n|move|p1a: Kingambit|Tera Blast|p2b: Catsune Miku\n|-supereffective|p2b: Catsune Miku\n|-enditem|p2b: Catsune Miku|Focus Sash\n|-damage|p2b: Catsune Miku|1\/100\n|\n|upkeep\n|turn|3\n|\n|t:|1684087425\n|move|p1b: Dragonite|Extreme Speed|p2a: Roaring Moan\n|-crit|p2a: Roaring Moan\n|-damage|p2a: Roaring Moan|0 fnt\n|faint|p2a: Roaring Moan\n|-end|p2a: Roaring Moan|Protosynthesis|[silent]\n|move|p2b: Catsune Miku|Knock Off|p1a: Kingambit\n|-damage|p1a: Kingambit|27\/100\n|-enditem|p1a: Kingambit|Assault Vest|[from] move: Knock Off|[of] p2b: Catsune Miku\n|move|p1a: Kingambit|Tera Blast|p2b: Catsune Miku\n|-supereffective|p2b: Catsune Miku\n|-damage|p2b: Catsune Miku|0 fnt\n|faint|p2b: Catsune Miku\n|\n|upkeep\n|-message|vasuvasuvasu forfeited.\n|\n|win|Laurentiius\n|l|\u2606vasuvasuvasu\n","uploadtime":1684087442,"views":13,"p1id":"laurentiius","p2id":"vasuvasuvasu","formatid":"gen9vgc2023regulationc","rating":0,"private":0,"password":""}