{"id":"gen9vgc2023regulationc-1862973511","p1":"wackomarko","p2":"White_3DS","format":"[Gen 9] VGC 2023 Regulation C","log":"|j|\u2606wackomarko\n|j|\u2606White_3DS\n|t:|1683946111\n|gametype|doubles\n|player|p1|wackomarko|hiker-gen4|1072\n|player|p2|White_3DS|silver|1060\n|teamsize|p1|6\n|teamsize|p2|6\n|gen|9\n|tier|[Gen 9] VGC 2023 Regulation C\n|rated|\n|rule|Species Clause: Limit one of each Pok\u00e9mon\n|rule|Item Clause: Limit one of each item\n|clearpoke\n|poke|p1|Talonflame, L50, F|\n|poke|p1|Amoonguss, L50, F|\n|poke|p1|Flutter Mane, L50|\n|poke|p1|Chien-Pao, L50|\n|poke|p1|Gyarados, L50, F|\n|poke|p1|Dragapult, L50, M|\n|poke|p2|Slither Wing, L50|\n|poke|p2|Tyranitar, L50, F|\n|poke|p2|Torkoal, L50, F|\n|poke|p2|Lycanroc, L50, M|\n|poke|p2|Indeedee-F, L50, F|\n|poke|p2|Armarouge, L50, M|\n|teampreview|4\nwackomarko has agreed to open team sheets.\n|inactive|Battle timer is ON: inactive players will automatically lose when time's up. (requested by White_3DS)\n|\n|t:|1683946148\n|start\n|switch|p1a: Talonflame|Talonflame, L50, F, shiny|100\/100\n|switch|p1b: Chien-Pao|Chien-Pao, L50|100\/100\n|switch|p2a: Armarouge|Armarouge, L50, M|100\/100\n|switch|p2b: Indeedee|Indeedee-F, L50, F|100\/100\n|-ability|p1b: Chien-Pao|Sword of Ruin\n|-fieldstart|move: Psychic Terrain|[from] ability: Psychic Surge|[of] p2b: Indeedee\n|-enditem|p2b: Indeedee|Psychic Seed\n|-boost|p2b: Indeedee|spd|1|[from] item: Psychic Seed\n|turn|1\n|inactive|wackomarko has 30 seconds left.\n|inactive|wackomarko has 20 seconds left.\n|inactive|wackomarko has 15 seconds left.\n|\n|t:|1683946195\n|move|p2a: Armarouge|Protect|p2a: Armarouge\n|-singleturn|p2a: Armarouge|Protect\n|move|p1b: Chien-Pao|Ice Spinner|p2b: Indeedee\n|-damage|p2b: Indeedee|21\/100\n|-fieldend|move: Psychic Terrain\n|move|p1a: Talonflame|Taunt|p2a: Armarouge\n|-activate|p2a: Armarouge|move: Protect\n|move|p2b: Indeedee|Trick Room|p2b: Indeedee\n|-fieldstart|move: Trick Room|[of] p2b: Indeedee\n|\n|upkeep\n|turn|2\n|\n|t:|1683946216\n|move|p1a: Talonflame|Brave Bird|p2a: Armarouge\n|-damage|p2a: Armarouge|57\/100\n|-damage|p1a: Talonflame|84\/100|[from] Recoil\n|move|p1b: Chien-Pao|Sucker Punch|p2a: Armarouge\n|-supereffective|p2a: Armarouge\n|-damage|p2a: Armarouge|0 fnt\n|faint|p2a: Armarouge\n|move|p2b: Indeedee|Psyshock|p1a: Talonflame\n|-damage|p1a: Talonflame|23\/100\n|\n|upkeep\n|\n|t:|1683946225\n|switch|p2a: Slither Wing|Slither Wing, L50|100\/100\n|turn|3\n|\n|t:|1683946236\n|move|p1b: Chien-Pao|Sucker Punch|p2b: Indeedee\n|-supereffective|p2b: Indeedee\n|-damage|p2b: Indeedee|0 fnt\n|faint|p2b: Indeedee\n|move|p2a: Slither Wing|Bulk Up|p2a: Slither Wing\n|-boost|p2a: Slither Wing|atk|1\n|-boost|p2a: Slither Wing|def|1\n|move|p1a: Talonflame|Brave Bird|p2a: Slither Wing\n|-supereffective|p2a: Slither Wing\n|-damage|p2a: Slither Wing|0 fnt\n|faint|p2a: Slither Wing\n|-end|p2a: Slither Wing|Protosynthesis|[silent]\n|-damage|p1a: Talonflame|0 fnt|[from] Recoil\n|faint|p1a: Talonflame\n|\n|upkeep\n|-message|White_3DS forfeited.\n|\n|win|wackomarko\n|raw|wackomarko's rating: 1072 → 1100<\/strong> (+28 for winning)\n|raw|White_3DS's rating: 1060 → 1042<\/strong> (-18 for losing)\n|l|\u2606White_3DS\n","uploadtime":1683946251,"views":12,"p1id":"wackomarko","p2id":"white3ds","formatid":"gen9vgc2023regulationc","rating":1042,"private":0,"password":""}