{"id":"gen9vgc2023regulationc-1845072631","p1":"That_Leek","p2":"BodaciousBulbasaur","format":"[Gen 9] VGC 2023 Regulation C","log":"|j|\u2606That_Leek\n|j|\u2606BodaciousBulbasaur\n|t:|1681680384\n|gametype|doubles\n|player|p1|That_Leek|blue|1260\n|player|p2|BodaciousBulbasaur|acetrainerf-gen4dp|1195\n|teamsize|p1|6\n|teamsize|p2|6\n|gen|9\n|tier|[Gen 9] VGC 2023 Regulation C\n|rated|\n|rule|Species Clause: Limit one of each Pok\u00e9mon\n|rule|Item Clause: Limit one of each item\n|clearpoke\n|poke|p1|Tyranitar, L50, M|\n|poke|p1|Gothitelle, L50, M|\n|poke|p1|Gholdengo, L50|\n|poke|p1|Amoonguss, L50, M|\n|poke|p1|Azumarill, L50, M|\n|poke|p1|Arcanine, L50, F|\n|poke|p2|Murkrow, L50, M|\n|poke|p2|Great Tusk, L50|\n|poke|p2|Scream Tail, L50|\n|poke|p2|Amoonguss, L50, F|\n|poke|p2|Gyarados, L50, F|\n|poke|p2|Flutter Mane, L50|\n|teampreview|4\nThat_Leek has agreed to open team sheets.\nBodaciousBulbasaur rejected open team sheets.\n|inactive|Battle timer is ON: inactive players will automatically lose when time's up. (requested by BodaciousBulbasaur)\n|\n|t:|1681680413\n|start\n|switch|p1a: Tyranitar|Tyranitar, L50, M|100\/100\n|switch|p1b: Gothitelle|Gothitelle, L50, M|100\/100\n|switch|p2a: Great Tusk|Great Tusk, L50|100\/100\n|switch|p2b: Murkrow|Murkrow, L50, M|100\/100\n|-weather|Sandstorm|[from] ability: Sand Stream|[of] p1a: Tyranitar\n|turn|1\n|inactive|BodaciousBulbasaur has 30 seconds left.\n|\n|t:|1681680440\n|-terastallize|p2b: Murkrow|Ghost\n|-terastallize|p1a: Tyranitar|Flying\n|move|p2a: Great Tusk|Ice Spinner|p1a: Tyranitar\n|-supereffective|p1a: Tyranitar\n|-damage|p1a: Tyranitar|54\/100\n|move|p2b: Murkrow|Foul Play|p1a: Tyranitar\n|-damage|p1a: Tyranitar|7\/100\n|move|p1a: Tyranitar|Tera Blast|p2a: Great Tusk\n|-supereffective|p2a: Great Tusk\n|-damage|p2a: Great Tusk|27\/100\n|move|p1b: Gothitelle|Trick Room|p1b: Gothitelle\n|-fieldstart|move: Trick Room|[of] p1b: Gothitelle\n|\n|-weather|Sandstorm|[upkeep]\n|-damage|p1a: Tyranitar|1\/100|[from] Sandstorm\n|-damage|p1b: Gothitelle|95\/100|[from] Sandstorm\n|-damage|p2b: Murkrow|95\/100|[from] Sandstorm\n|upkeep\n|turn|2\n|\n|t:|1681680465\n|move|p2b: Murkrow|Sunny Day|p2b: Murkrow\n|-weather|SunnyDay\n|-activate|p2a: Great Tusk|ability: Protosynthesis\n|-start|p2a: Great Tusk|protosynthesisatk\n|move|p1a: Tyranitar|Rock Slide|p2b: Murkrow|[spread] p2a,p2b\n|-resisted|p2a: Great Tusk\n|-damage|p2a: Great Tusk|21\/100\n|-damage|p2b: Murkrow|48\/100\n|move|p1b: Gothitelle|Psychic|p2b: Murkrow\n|-damage|p2b: Murkrow|0 fnt\n|faint|p2b: Murkrow\n|move|p2a: Great Tusk|Ice Spinner|p1b: Gothitelle\n|-damage|p1b: Gothitelle|60\/100\n|\n|-weather|SunnyDay|[upkeep]\n|upkeep\n|\n|t:|1681680477\n|switch|p2b: Gyarados|Gyarados, L50, F|100\/100\n|-ability|p2b: Gyarados|Intimidate|boost\n|-unboost|p1a: Tyranitar|atk|1\n|-unboost|p1b: Gothitelle|atk|1\n|turn|3\n|\n|t:|1681680494\n|move|p1a: Tyranitar|Rock Slide|p2a: Great Tusk|[spread] p2a,p2b\n|-resisted|p2a: Great Tusk\n|-supereffective|p2b: Gyarados\n|-damage|p2a: Great Tusk|17\/100\n|-damage|p2b: Gyarados|50\/100\n|-enditem|p2b: Gyarados|Sitrus Berry|[eat]\n|-heal|p2b: Gyarados|75\/100|[from] item: Sitrus Berry\n|move|p1b: Gothitelle|Psychic|p2a: Great Tusk\n|-supereffective|p2a: Great Tusk\n|-damage|p2a: Great Tusk|0 fnt\n|faint|p2a: Great Tusk\n|-end|p2a: Great Tusk|Protosynthesis|[silent]\n|move|p2b: Gyarados|Dragon Dance|p2b: Gyarados\n|-boost|p2b: Gyarados|atk|1\n|-boost|p2b: Gyarados|spe|1\n|\n|-weather|SunnyDay|[upkeep]\n|upkeep\n|-message|BodaciousBulbasaur forfeited.\n|\n|win|That_Leek\n|raw|That_Leek's rating: 1260 → 1280<\/strong> (+20 for winning)\n|raw|BodaciousBulbasaur's rating: 1195 → 1175<\/strong> (-20 for losing)\n|l|\u2606BodaciousBulbasaur\n","uploadtime":1681680512,"views":7,"p1id":"thatleek","p2id":"bodaciousbulbasaur","formatid":"gen9vgc2023regulationc","rating":1175,"private":0,"password":""}