{"id":"gen9vgc2023regulationc-1862946518","p1":"shiftyyy","p2":"jchemmy","format":"[Gen 9] VGC 2023 Regulation C","log":"|j|\u2606shiftyyy\n|j|\u2606jchemmy\n|t:|1683942221\n|gametype|doubles\n|player|p1|shiftyyy|clerkf|1411\n|player|p2|jchemmy|brock|1455\n|teamsize|p1|6\n|teamsize|p2|6\n|gen|9\n|tier|[Gen 9] VGC 2023 Regulation C\n|rated|\n|rule|Species Clause: Limit one of each Pok\u00e9mon\n|rule|Item Clause: Limit one of each item\n|clearpoke\n|poke|p1|Flutter Mane, L50|\n|poke|p1|Garchomp, L50, F|\n|poke|p1|Iron Bundle, L50|\n|poke|p1|Talonflame, L50, M|\n|poke|p1|Kingambit, L50, F|\n|poke|p1|Chien-Pao, L50|\n|poke|p2|Flutter Mane, L50|\n|poke|p2|Ting-Lu, L50|\n|poke|p2|Baxcalibur, L50, M|\n|poke|p2|Palafin, L50, M|\n|poke|p2|Arcanine, L50, F|\n|poke|p2|Amoonguss, L50, M|\n|teampreview|4\n|inactive|Battle timer is ON: inactive players will automatically lose when time's up. (requested by jchemmy)\njchemmy has agreed to open team sheets.\n|inactive|shiftyyy has 60 seconds left.\n|inactive|jchemmy has 60 seconds left.\nshiftyyy has agreed to open team sheets.\n|inactive|shiftyyy has 30 seconds left.\n|inactive|jchemmy has 30 seconds left.\n|inactive|shiftyyy has 20 seconds left.\n|inactive|jchemmy has 20 seconds left.\n|inactive|jchemmy has 15 seconds left.\n|\n|t:|1683942301\n|start\n|switch|p1a: Garchomp|Garchomp, L50, F|100\/100\n|switch|p1b: Iron Bundle|Iron Bundle, L50|100\/100\n|switch|p2a: Baxcalibur|Baxcalibur, L50, M|100\/100\n|switch|p2b: Palafin|Palafin, L50, M|100\/100\n|-enditem|p1b: Iron Bundle|Booster Energy\n|-activate|p1b: Iron Bundle|ability: Quark Drive|[fromitem]\n|-start|p1b: Iron Bundle|quarkdrivespe\n|turn|1\n|inactive|shiftyyy has 30 seconds left.\n|\n|t:|1683942327\n|detailschange|p2b: Palafin|Palafin-Hero, L50, M\n|switch|p2b: Ting-Lu|Ting-Lu, L50|100\/100\n|-ability|p2b: Ting-Lu|Vessel of Ruin\n|move|p1b: Iron Bundle|Protect|p1b: Iron Bundle\n|-singleturn|p1b: Iron Bundle|Protect\n|move|p1a: Garchomp|Protect|p1a: Garchomp\n|-singleturn|p1a: Garchomp|Protect\n|move|p2a: Baxcalibur|Glaive Rush|p1b: Iron Bundle\n|-activate|p1b: Iron Bundle|move: Protect\n|\n|upkeep\n|turn|2\n|j| marie's guillotine\n|l| marie's guillotine\n|inactive|shiftyyy has 30 seconds left.\n|\n|t:|1683942358\n|-end|p1b: Iron Bundle|Quark Drive|[silent]\n|switch|p1b: Talonflame|Talonflame, L50, M|100\/100\n|switch|p2a: Amoonguss|Amoonguss, L50, M|100\/100\n|-terastallize|p1a: Garchomp|Fire\n|move|p1a: Garchomp|Swords Dance|p1a: Garchomp\n|-boost|p1a: Garchomp|atk|2\n|move|p2b: Ting-Lu|Stone Edge|p1b: Talonflame\n|-supereffective|p1b: Talonflame\n|-damage|p1b: Talonflame|0 fnt\n|faint|p1b: Talonflame\n|\n|upkeep\n|j| Rabbihorn\n|\n|t:|1683942369\n|switch|p1b: Iron Bundle|Iron Bundle, L50|100\/100\n|turn|3\n|\n|t:|1683942384\n|move|p1b: Iron Bundle|Protect|p1b: Iron Bundle\n|-singleturn|p1b: Iron Bundle|Protect\n|move|p1a: Garchomp|Earthquake|p2a: Amoonguss|[spread] p2a,p2b\n|-activate|p1b: Iron Bundle|move: Protect\n|-damage|p2a: Amoonguss|38\/100\n|-damage|p2b: Ting-Lu|55\/100\n|-enditem|p2a: Amoonguss|Sitrus Berry|[eat]\n|-heal|p2a: Amoonguss|63\/100|[from] item: Sitrus Berry\n|move|p2b: Ting-Lu|Stone Edge|p1b: Iron Bundle\n|-activate|p1b: Iron Bundle|move: Protect\n|move|p2a: Amoonguss|Spore|p1a: Garchomp\n|-status|p1a: Garchomp|slp|[from] move: Spore\n|\n|upkeep\n|turn|4\n|-message|shiftyyy forfeited.\n|\n|win|jchemmy\n|raw|shiftyyy's rating: 1411 → 1394<\/strong> (-17 for losing)\n|raw|jchemmy's rating: 1455 → 1472<\/strong> (+17 for winning)\n|l|\u2606shiftyyy\n","uploadtime":1683942404,"views":13,"p1id":"shiftyyy","p2id":"jchemmy","formatid":"gen9vgc2023regulationc","rating":1394,"private":0,"password":""}