{"id":"gen9vgc2023regulationc-1848706209","p1":"Uhhncertain","p2":"rengoku stan","format":"[Gen 9] VGC 2023 Regulation C","log":"|j|\u2606Uhhncertain\n|j|\u2606rengoku stan\n|t:|1682102513\n|gametype|doubles\n|player|p1|Uhhncertain|n-masters2|\n|player|p2|rengoku stan|102|\n|teamsize|p1|6\n|teamsize|p2|6\n|gen|9\n|tier|[Gen 9] VGC 2023 Regulation C\n|rated|Tournament battle\n|rule|Species Clause: Limit one of each Pok\u00e9mon\n|rule|Item Clause: Limit one of each item\n|clearpoke\n|poke|p1|Great Tusk, L50|\n|poke|p1|Dondozo, L50, F|\n|poke|p1|Tatsugiri-Stretchy, L50, M|\n|poke|p1|Flutter Mane, L50|\n|poke|p1|Iron Bundle, L50|\n|poke|p1|Corviknight, L50, M|\n|poke|p2|Iron Bundle, L50|\n|poke|p2|Abomasnow, L50, F|\n|poke|p2|Ceruledge, L50, M|\n|poke|p2|Pelipper, L50, F|\n|poke|p2|Palafin, L50, F|\n|poke|p2|Amoonguss, L50, F|\n|teampreview|4\n|raw| Open Team Sheet for Uhhncertain<\/summary>Great Tusk @ Assault Vest Ability: Protosynthesis Level: 50 Hidden Power: Fighting Tera Type: Steel - Headlong Rush - Close Combat - Earthquake - Ice Spinner Marce :/ (Dondozo) (F) @ Leftovers Ability: Unaware Level: 50 Tera Type: Grass - Wave Crash - Tera Blast - Substitute - Protect Kirno (Tatsugiri-Stretchy) (M) @ Choice Scarf Ability: Commander Level: 50 Shiny: Yes Tera Type: Water - Muddy Water - Icy Wind - Draco Meteor - Surf Flutter Mane @ Focus Sash Ability: Protosynthesis Level: 50 Tera Type: Fairy - Moonblast - Dazzling Gleam - Shadow Ball - Protect Iron Bundle @ Booster Energy Ability: Quark Drive Level: 50 Tera Type: Ghost - Freeze-Dry - Icy Wind - Hydro Pump - Protect Corviknight @ Safety Goggles Ability: Mirror Armor Level: 50 Tera Type: Fire - Brave Bird - Iron Head - Taunt - Tailwind <\/details><\/div> Open Team Sheet for rengoku stan<\/summary>Iron Bundle @ Booster Energy Ability: Quark Drive Level: 50 Shiny: Yes Tera Type: Grass - Blizzard - Freeze-Dry - Hydro Pump - Flip Turn Abomasnow @ Assault Vest Ability: Snow Warning Level: 50 Tera Type: Water - Blizzard - Ice Shard - Giga Drain - Earth Power Ceruledge @ Weakness Policy Ability: Weak Armor Level: 50 Tera Type: Grass - Bitter Blade - Shadow Claw - Tera Blast - Protect Pelipper @ Focus Sash Ability: Drizzle Level: 50 Tera Type: Ghost - Hydro Pump - Hurricane - Helping Hand - Tailwind Palafin @ Mystic Water Ability: Zero to Hero Level: 50 Tera Type: Water - Jet Punch - Wave Crash - Haze - Protect Amoonguss @ Sitrus Berry Ability: Regenerator Level: 50 Tera Type: Water - Spore - Rage Powder - Pollen Puff - Protect <\/details><\/div>\n|j| Playingonmelaptop\n|j| ROBERT5239423942\n|c|\u2606rengoku stan|glhf\n|j| babiwi bewey\u2714\ufe0f\n|c|\u2606Uhhncertain|glhf\n|j| wildfire2\n|inactive|Battle timer is ON: inactive players will automatically lose when time's up. (requested by rengoku stan)\n|\n|t:|1682102578\n|start\n|switch|p1a: Corviknight|Corviknight, L50, M|100\/100\n|switch|p1b: Iron Bundle|Iron Bundle, L50|100\/100\n|switch|p2a: Iron Bundle|Iron Bundle, L50, shiny|100\/100\n|switch|p2b: Abomasnow|Abomasnow, L50, F|100\/100\n|-weather|Snow|[from] ability: Snow Warning|[of] p2b: Abomasnow\n|-enditem|p1b: Iron Bundle|Booster Energy\n|-activate|p1b: Iron Bundle|ability: Quark Drive|[fromitem]\n|-start|p1b: Iron Bundle|quarkdrivespe\n|-enditem|p2a: Iron Bundle|Booster Energy\n|-activate|p2a: Iron Bundle|ability: Quark Drive|[fromitem]\n|-start|p2a: Iron Bundle|quarkdrivespe\n|turn|1\n|inactive|Uhhncertain has 30 seconds left.\n|j|%Aldrich\n|inactive|Uhhncertain has 20 seconds left.\n|inactive|Uhhncertain has 15 seconds left.\n|inactive|Uhhncertain has 10 seconds left.\n|\n|t:|1682102627\n|-terastallize|p2b: Abomasnow|Water\n|-terastallize|p1a: Corviknight|Fire\n|move|p2a: Iron Bundle|Blizzard|p1a: Corviknight|[spread] p1a,p1b\n|-resisted|p1a: Corviknight\n|-resisted|p1b: Iron Bundle\n|-damage|p1a: Corviknight|78\/100\n|-damage|p1b: Iron Bundle|80\/100\n|move|p1b: Iron Bundle|Icy Wind|p2a: Iron Bundle|[spread] p2a,p2b\n|-resisted|p2a: Iron Bundle\n|-resisted|p2b: Abomasnow\n|-damage|p2a: Iron Bundle|91\/100\n|-damage|p2b: Abomasnow|91\/100\n|-unboost|p2a: Iron Bundle|spe|1\n|-unboost|p2b: Abomasnow|spe|1\n|move|p1a: Corviknight|Brave Bird|p2b: Abomasnow\n|-damage|p2b: Abomasnow|22\/100\n|-damage|p1a: Corviknight|58\/100|[from] Recoil\n|move|p2b: Abomasnow|Giga Drain|p1b: Iron Bundle\n|-supereffective|p1b: Iron Bundle\n|-damage|p1b: Iron Bundle|0 fnt\n|-heal|p2b: Abomasnow|54\/100|[from] drain|[of] p1b: Iron Bundle\n|faint|p1b: Iron Bundle\n|-end|p1b: Iron Bundle|Quark Drive|[silent]\n|\n|-weather|Snow|[upkeep]\n|upkeep\n|j| itsmoocher\n|\n|t:|1682102647\n|switch|p1b: Kirno|Tatsugiri-Stretchy, L50, M, shiny|100\/100\n|turn|2\n|inactive|Uhhncertain has 30 seconds left.\n|inactive|Uhhncertain has 20 seconds left.\n|inactive|rengoku stan has 30 seconds left.\n|inactive|Uhhncertain has 15 seconds left.\n|\n|t:|1682102687\n|move|p1b: Kirno|Draco Meteor|p2a: Iron Bundle\n|-damage|p2a: Iron Bundle|0 fnt\n|-unboost|p1b: Kirno|spa|2\n|faint|p2a: Iron Bundle\n|-end|p2a: Iron Bundle|Quark Drive|[silent]\n|move|p1a: Corviknight|Brave Bird|p2b: Abomasnow\n|-damage|p2b: Abomasnow|0 fnt\n|faint|p2b: Abomasnow\n|-damage|p1a: Corviknight|42\/100|[from] Recoil\n|\n|-weather|Snow|[upkeep]\n|upkeep\n|\n|t:|1682102691\n|switch|p2a: Ceruledge|Ceruledge, L50, M|100\/100\n|switch|p2b: Amoonguss|Amoonguss, L50, F|100\/100\n|turn|3\n|j| Mewapoptosis\n|inactive|Uhhncertain has 30 seconds left.\n|inactive|Uhhncertain has 20 seconds left.\n|inactive|Uhhncertain has 15 seconds left.\n|inactive|Uhhncertain has 10 seconds left.\n|\n|t:|1682102740\n|move|p2b: Amoonguss|Protect|p2b: Amoonguss\n|-singleturn|p2b: Amoonguss|Protect\n|move|p1b: Kirno|Draco Meteor|p2a: Ceruledge\n|-damage|p2a: Ceruledge|67\/100\n|-unboost|p1b: Kirno|spa|2\n|move|p1a: Corviknight|Taunt|p2b: Amoonguss\n|-activate|p2b: Amoonguss|move: Protect\n|move|p2a: Ceruledge|Shadow Claw|p1a: Corviknight\n|-damage|p1a: Corviknight|7\/100\n|\n|-weather|Snow|[upkeep]\n|upkeep\n|turn|4\n|\n|t:|1682102755\n|switch|p1b: Marce :\/|Dondozo, L50, F|100\/100\n|move|p1a: Corviknight|Taunt|p2b: Amoonguss\n|-start|p2b: Amoonguss|move: Taunt\n|move|p2a: Ceruledge|Shadow Claw|p1a: Corviknight\n|-damage|p1a: Corviknight|0 fnt\n|faint|p1a: Corviknight\n|cant|p2b: Amoonguss|move: Taunt|Spore\n|\n|-weather|Snow|[upkeep]\n|upkeep\n|\n|t:|1682102762\n|switch|p1a: Kirno|Tatsugiri-Stretchy, L50, M, shiny|100\/100\n|-activate|p1a: Kirno|ability: Commander|[of] p1b: Marce :\/\n|-boost|p1b: Marce :\/|atk|2\n|-boost|p1b: Marce :\/|spa|2\n|-boost|p1b: Marce :\/|spe|2\n|-boost|p1b: Marce :\/|def|2\n|-boost|p1b: Marce :\/|spd|2\n|turn|5\n|j| Iancrix\n|\n|t:|1682102773\n|move|p2a: Ceruledge|Protect|p2a: Ceruledge\n|-singleturn|p2a: Ceruledge|Protect\n|move|p1b: Marce :\/|Wave Crash|p2a: Ceruledge\n|-activate|p2a: Ceruledge|move: Protect\n|move|p2b: Amoonguss|Pollen Puff|p1b: Marce :\/\n|-damage|p1b: Marce :\/|91\/100\n|\n|-weather|none\n|-heal|p1b: Marce :\/|98\/100|[from] item: Leftovers\n|upkeep\n|turn|6\n|\n|t:|1682102781\n|move|p1b: Marce :\/|Wave Crash|p2a: Ceruledge\n|-supereffective|p2a: Ceruledge\n|-damage|p2a: Ceruledge|0 fnt\n|faint|p2a: Ceruledge\n|-damage|p1b: Marce :\/|81\/100|[from] Recoil\n|move|p2b: Amoonguss|Pollen Puff|p2: Ceruledge|[notarget]\n|-fail|p2b: Amoonguss\n|\n|-heal|p1b: Marce :\/|88\/100|[from] item: Leftovers\n|-end|p2b: Amoonguss|move: Taunt\n|upkeep\n|turn|7\n|c|\u2606rengoku stan|gg\n|-message|rengoku stan forfeited.\n|\n|win|Uhhncertain\n|n|\u2606Uhhncertain|uhhncertain\n|n|\u2606rengoku stan|rengokustan\n|n| Playingonmelaptop|playingonmelaptop\n|n| ROBERT5239423942|robert5239423942\n|n| babiwi bewey\u2714\ufe0f|babiwibewey\n|n| wildfire2|wildfire2\n|n| Aldrich|aldrich\n|n| itsmoocher|itsmoocher\n|n| Mewapoptosis|mewapoptosis\n|n| Iancrix|iancrix\n|c|\u2606Uhhncertain|gg\n|l| itsmoocher\n|l|\u2606rengoku stan\n|l| Playingonmelaptop\n","uploadtime":1682102790,"views":14,"p1id":"uhhncertain","p2id":"rengokustan","formatid":"gen9vgc2023regulationc","rating":0,"private":0,"password":""}