{"id":"gen9vgc2023regulationc-1857720028","p1":"Adsheesh","p2":"Eldegoss32","format":"[Gen 9] VGC 2023 Regulation C","log":"|j|\u2606Adsheesh\n|j|\u2606Eldegoss32\n|t:|1683225460\n|gametype|doubles\n|player|p1|Adsheesh|ingo|\n|player|p2|Eldegoss32|acetrainerf|\n|teamsize|p1|6\n|teamsize|p2|6\n|gen|9\n|tier|[Gen 9] VGC 2023 Regulation C\n|rated|Tournament battle\n|rule|Species Clause: Limit one of each Pok\u00e9mon\n|rule|Item Clause: Limit one of each item\n|clearpoke\n|poke|p1|Annihilape, L50, M|\n|poke|p1|Maushold-Four, L50|\n|poke|p1|Kingambit, L50, M|\n|poke|p1|Chien-Pao, L50|\n|poke|p1|Dragonite, L50, F|\n|poke|p1|Gholdengo, L50|\n|poke|p2|Murkrow, L50, F|\n|poke|p2|Gholdengo, L50|\n|poke|p2|Chi-Yu, L50|\n|poke|p2|Flutter Mane, L50|\n|poke|p2|Glimmora, L50, F|\n|poke|p2|Great Tusk, L50|\n|teampreview|4\n|j| Jaco Jnr\n|j| jf168\n|j| rawsause w eggos\n|\n|t:|1683225488\n|start\n|switch|p1a: Annihilape|Annihilape, L50, M|100\/100\n|switch|p1b: Maushold|Maushold-Four, L50|100\/100\n|switch|p2a: Murkrow|Murkrow, L50, F|100\/100\n|switch|p2b: Flutter Mane|Flutter Mane, L50|100\/100\n|turn|1\n|j| SlowHomie\n|\n|t:|1683225508\n|-terastallize|p1a: Annihilape|Fire\n|move|p2b: Flutter Mane|Shadow Ball|p1a: Annihilape\n|-damage|p1a: Annihilape|74\/100\n|move|p1b: Maushold|Beat Up|p1a: Annihilape\n|-damage|p1a: Annihilape|72\/100\n|-damage|p1a: Annihilape|70\/100\n|-damage|p1a: Annihilape|67\/100\n|-damage|p1a: Annihilape|65\/100\n|-hitcount|p1a: Annihilape|4\n|move|p1a: Annihilape|Rage Fist|p2b: Flutter Mane\n|-supereffective|p2b: Flutter Mane\n|-crit|p2b: Flutter Mane\n|-damage|p2b: Flutter Mane|0 fnt\n|faint|p2b: Flutter Mane\n|-end|p2b: Flutter Mane|Protosynthesis|[silent]\n|move|p2a: Murkrow|Brave Bird|p1a: Annihilape\n|-damage|p1a: Annihilape|28\/100\n|-enditem|p1a: Annihilape|Sitrus Berry|[eat]\n|-heal|p1a: Annihilape|53\/100|[from] item: Sitrus Berry\n|-damage|p2a: Murkrow|86\/100|[from] Recoil\n|\n|upkeep\n|inactive|Battle timer is ON: inactive players will automatically lose when time's up. (requested by Adsheesh)\n|c|\u2606Adsheesh|glhf\n|c|\u2606Eldegoss32|glhf\n|\n|t:|1683225526\n|switch|p2b: Great Tusk|Great Tusk, L50|100\/100\n|turn|2\n|inactive|Adsheesh has 30 seconds left.\n|\n|t:|1683225556\n|move|p1b: Maushold|Follow Me|p1b: Maushold\n|-singleturn|p1b: Maushold|move: Follow Me\n|move|p2a: Murkrow|Tailwind|p2a: Murkrow\n|-sidestart|p2: Eldegoss32|move: Tailwind\n|move|p2b: Great Tusk|Earthquake|p1a: Annihilape|[spread] p1a,p1b\n|-immune|p2a: Murkrow\n|-supereffective|p1a: Annihilape\n|-damage|p1a: Annihilape|0 fnt\n|-damage|p1b: Maushold|13\/100\n|faint|p1a: Annihilape\n|\n|upkeep\n|\n|t:|1683225567\n|switch|p1a: Chien-Pao|Chien-Pao, L50|100\/100\n|-ability|p1a: Chien-Pao|Sword of Ruin\n|turn|3\n|\n|t:|1683225576\n|move|p1b: Maushold|Protect|p1b: Maushold\n|-singleturn|p1b: Maushold|Protect\n|move|p2b: Great Tusk|Earthquake|p1b: Maushold|[spread] p1a\n|-activate|p1b: Maushold|move: Protect\n|-immune|p2a: Murkrow\n|-damage|p1a: Chien-Pao|35\/100\n|move|p2a: Murkrow|Brave Bird|p1a: Chien-Pao\n|-damage|p1a: Chien-Pao|0 fnt\n|faint|p1a: Chien-Pao\n|-damage|p2a: Murkrow|75\/100|[from] Recoil\n|\n|upkeep\n|\n|t:|1683225589\n|switch|p1a: Kingambit|Kingambit, L50, M|100\/100\n|turn|4\n|\n|t:|1683225600\n|move|p2a: Murkrow|Sunny Day|p2a: Murkrow\n|-weather|SunnyDay\n|-activate|p2b: Great Tusk|ability: Protosynthesis\n|-start|p2b: Great Tusk|protosynthesisatk\n|move|p1a: Kingambit|Sucker Punch|p2b: Great Tusk\n|-resisted|p2b: Great Tusk\n|-damage|p2b: Great Tusk|84\/100\n|move|p2b: Great Tusk|Earthquake|p1b: Maushold|[spread] p1a,p1b\n|-immune|p2a: Murkrow\n|-supereffective|p1a: Kingambit\n|-damage|p1a: Kingambit|0 fnt\n|-damage|p1b: Maushold|0 fnt\n|faint|p1a: Kingambit\n|faint|p1b: Maushold\n|\n|win|Eldegoss32\n|n|\u2606Adsheesh|adsheesh\n|n|\u2606Eldegoss32|eldegoss32\n|n| Jaco Jnr|jacojnr\n|n| jf168|jf168\n|n| rawsause w eggos|rawsauseweggos\n|n| SlowHomie|slowhomie\n","uploadtime":1683225601,"views":10,"p1id":"adsheesh","p2id":"eldegoss32","formatid":"gen9vgc2023regulationc","rating":0,"private":0,"password":""}