{"id":"gen9vgc2023regulationc-1849967608","p1":"AndrwApple","p2":"Atlewis","format":"[Gen 9] VGC 2023 Regulation C","log":"|j|\u2606AndrwApple\n|j|\u2606Atlewis\n|t:|1682273233\n|gametype|doubles\n|player|p1|AndrwApple|erika-masters|1437\n|player|p2|Atlewis|101|1366\n|teamsize|p1|6\n|teamsize|p2|6\n|gen|9\n|tier|[Gen 9] VGC 2023 Regulation C\n|rated|\n|rule|Species Clause: Limit one of each Pok\u00e9mon\n|rule|Item Clause: Limit one of each item\n|clearpoke\n|poke|p1|Flutter Mane, L50|\n|poke|p1|Wo-Chien, L50|\n|poke|p1|Gholdengo, L50|\n|poke|p1|Arcanine, L50, F|\n|poke|p1|Palafin, L50, M|\n|poke|p1|Iron Hands, L50|\n|poke|p2|Talonflame, L50, F|\n|poke|p2|Great Tusk, L50|\n|poke|p2|Rotom-Wash, L50|\n|poke|p2|Flutter Mane, L50|\n|poke|p2|Chi-Yu, L50|\n|poke|p2|Iron Hands, L50|\n|teampreview|4\n|inactive|Battle timer is ON: inactive players will automatically lose when time's up. (requested by Atlewis)\n|\n|t:|1682273253\n|start\n|switch|p1a: Yoda|Flutter Mane, L50|100\/100\n|switch|p1b: Luke|Palafin, L50, M, shiny|100\/100\n|switch|p2a: Great Tusk|Great Tusk, L50|100\/100\n|switch|p2b: Rotom|Rotom-Wash, L50|100\/100\n|turn|1\n|\n|t:|1682273273\n|detailschange|p1b: Luke|Palafin-Hero, L50, M, shiny\n|switch|p1b: AT-AT|Arcanine, L50, F|100\/100\n|-ability|p1b: AT-AT|Intimidate|boost\n|-unboost|p2a: Great Tusk|atk|1\n|-unboost|p2b: Rotom|atk|1\n|-terastallize|p1a: Yoda|Fairy\n|-terastallize|p2a: Great Tusk|Ground\n|move|p1a: Yoda|Moonblast|p2b: Rotom\n|-damage|p2b: Rotom|4\/100\n|-enditem|p2b: Rotom|Sitrus Berry|[eat]\n|-heal|p2b: Rotom|29\/100|[from] item: Sitrus Berry\n|move|p2a: Great Tusk|Earthquake|p1b: AT-AT|[spread] p1a,p1b\n|-immune|p2b: Rotom|[from] ability: Levitate\n|-supereffective|p1b: AT-AT\n|-damage|p1a: Yoda|46\/100\n|-damage|p1b: AT-AT|23\/100\n|move|p2b: Rotom|Discharge|p1b: AT-AT|[spread] p1a,p1b\n|-immune|p2a: Great Tusk\n|-damage|p1a: Yoda|20\/100\n|-damage|p1b: AT-AT|0 fnt\n|faint|p1b: AT-AT\n|\n|upkeep\n|\n|t:|1682273283\n|switch|p1b: Luke|Palafin-Hero, L50, M, shiny|100\/100\n|-activate|p1b: Luke|ability: Zero to Hero\n|turn|2\n|\n|t:|1682273290\n|move|p1a: Yoda|Moonblast|p2b: Rotom\n|-crit|p2b: Rotom\n|-damage|p2b: Rotom|0 fnt\n|faint|p2b: Rotom\n|move|p2a: Great Tusk|Earthquake|p1a: Yoda|[spread] p1a,p1b\n|-damage|p1a: Yoda|0 fnt\n|-damage|p1b: Luke|69\/100\n|faint|p1a: Yoda\n|-end|p1a: Yoda|Protosynthesis|[silent]\n|move|p1b: Luke|Substitute|p1b: Luke\n|-start|p1b: Luke|Substitute\n|-damage|p1b: Luke|44\/100\n|\n|upkeep\n|\n|t:|1682273299\n|switch|p1a: Jabba The Hutt|Wo-Chien, L50|100\/100\n|switch|p2b: Talonflame|Talonflame, L50, F|100\/100\n|-ability|p1a: Jabba The Hutt|Tablets of Ruin\n|turn|3\n|c|\u2606AndrwApple|I don't understand-\n|inactive|Atlewis has 30 seconds left.\n|c|\u2606Atlewis|which?\n|\n|t:|1682273329\n|move|p2b: Talonflame|Brave Bird|p1b: Luke\n|-end|p1b: Luke|Substitute\n|-damage|p2b: Talonflame|89\/100|[from] Recoil|[of] p1b: Luke\n|move|p2a: Great Tusk|Headlong Rush|p1b: Luke\n|-damage|p1b: Luke|5\/100\n|-unboost|p2a: Great Tusk|def|1\n|-unboost|p2a: Great Tusk|spd|1\n|move|p1b: Luke|Wave Crash|p2a: Great Tusk\n|-supereffective|p2a: Great Tusk\n|-enditem|p2a: Great Tusk|Focus Sash\n|-damage|p2a: Great Tusk|1\/100\n|-damage|p1b: Luke|0 fnt|[from] Recoil\n|faint|p1b: Luke\n|move|p1a: Jabba The Hutt|Pollen Puff|p1: Luke|[notarget]\n|-fail|p1a: Jabba The Hutt\n|\n|upkeep\n|turn|4\n|c|\u2606AndrwApple|Nevermind i just tough like you know\n|c|\u2606AndrwApple|People think yeah dazzling is a thing\n|inactive|AndrwApple has 30 seconds left.\n|inactive|Atlewis has 30 seconds left.\n|c|\u2606AndrwApple|And line protect tusk and those things u know\n|c|\u2606Atlewis|oh yeah I was tempted to protect but I lose then\n|inactive|AndrwApple has 20 seconds left.\n|inactive|Atlewis has 20 seconds left.\n|c|\u2606AndrwApple|Well\n|inactive|AndrwApple has 15 seconds left.\n|inactive|Atlewis has 15 seconds left.\n|c|\u2606AndrwApple|I mean i just like im too stupid or something\n|inactive|AndrwApple has 10 seconds left.\n|c|\u2606AndrwApple|Gg\n|-message|AndrwApple forfeited.\n|\n|win|Atlewis\n|raw|AndrwApple's rating: 1437 → 1413<\/strong> (-24 for losing)\n|raw|Atlewis's rating: 1366 → 1390<\/strong> (+24 for winning)\n|c|\u2606Atlewis|gg though\n","uploadtime":1682273384,"views":14,"p1id":"andrwapple","p2id":"atlewis","formatid":"gen9vgc2023regulationc","rating":1390,"private":0,"password":""}