{"id":"gen9vgc2023regulationc-1857631309","p1":"PureNeutral","p2":"Gholdjunge","format":"[Gen 9] VGC 2023 Regulation C","log":"|j|\u2606PureNeutral\n|j|\u2606Gholdjunge\n|t:|1683215362\n|gametype|doubles\n|player|p1|PureNeutral|elesa|1627\n|player|p2|Gholdjunge|youngster-gen2|1629\n|teamsize|p1|6\n|teamsize|p2|6\n|gen|9\n|tier|[Gen 9] VGC 2023 Regulation C\n|rated|\n|rule|Species Clause: Limit one of each Pok\u00e9mon\n|rule|Item Clause: Limit one of each item\n|clearpoke\n|poke|p1|Maushold-Four, L50|\n|poke|p1|Annihilape, L50, F|\n|poke|p1|Flutter Mane, L50|\n|poke|p1|Talonflame, L50, F|\n|poke|p1|Garchomp, L50, M|\n|poke|p1|Chien-Pao, L50|\n|poke|p2|Azumarill, L50, F|\n|poke|p2|Pelipper, L50, M|\n|poke|p2|Chien-Pao, L50|\n|poke|p2|Iron Hands, L50|\n|poke|p2|Flutter Mane, L50|\n|poke|p2|Amoonguss, L50, F|\n|teampreview|4\n|j| Mind of the Plana\n|j| LC77777\nPureNeutral has agreed to open team sheets.\n|inactive|Battle timer is ON: inactive players will automatically lose when time's up. (requested by Gholdjunge)\n|\n|t:|1683215410\n|start\n|switch|p1a: Maushold|Maushold-Four, L50|100\/100\n|switch|p1b: Annihilape|Annihilape, L50, F|100\/100\n|switch|p2a: Flutter Mane|Flutter Mane, L50|100\/100\n|switch|p2b: Pelipper|Pelipper, L50, M|100\/100\n|-weather|RainDance|[from] ability: Drizzle|[of] p2b: Pelipper\n|turn|1\n|\n|t:|1683215422\n|-terastallize|p2a: Flutter Mane|Electric\n|-terastallize|p1b: Annihilape|Water\n|move|p2b: Pelipper|Helping Hand|p2a: Flutter Mane\n|-singleturn|p2a: Flutter Mane|Helping Hand|[of] p2b: Pelipper\n|move|p2a: Flutter Mane|Thunder|p1a: Maushold\n|-damage|p1a: Maushold|0 fnt\n|faint|p1a: Maushold\n|move|p1b: Annihilape|Rage Fist|p2a: Flutter Mane\n|-damage|p2a: Flutter Mane|66\/100\n|\n|-weather|RainDance|[upkeep]\n|upkeep\n|\n|t:|1683215434\n|switch|p1a: Talonflame|Talonflame, L50, F|100\/100\n|turn|2\n|\n|t:|1683215444\n|move|p1a: Talonflame|Brave Bird|p2a: Flutter Mane\n|-resisted|p2a: Flutter Mane\n|-damage|p2a: Flutter Mane|25\/100\n|-damage|p1a: Talonflame|88\/100|[from] Recoil\n|move|p2a: Flutter Mane|Thunder|p1b: Annihilape\n|-supereffective|p1b: Annihilape\n|-damage|p1b: Annihilape|0 fnt\n|faint|p1b: Annihilape\n|move|p2b: Pelipper|Tailwind|p2b: Pelipper\n|-sidestart|p2: Gholdjunge|move: Tailwind\n|\n|-weather|RainDance|[upkeep]\n|upkeep\n|\n|t:|1683215452\n|switch|p1b: Flutter Mane|Flutter Mane, L50|100\/100\n|turn|3\n|\n|t:|1683215464\n|move|p2a: Flutter Mane|Thunder|p1a: Talonflame\n|-supereffective|p1a: Talonflame\n|-damage|p1a: Talonflame|0 fnt\n|faint|p1a: Talonflame\n|move|p2b: Pelipper|Hurricane|p1b: Flutter Mane\n|-damage|p1b: Flutter Mane|65\/100\n|move|p1b: Flutter Mane|Moonblast|p2a: Flutter Mane\n|-damage|p2a: Flutter Mane|0 fnt\n|faint|p2a: Flutter Mane\n|-end|p2a: Flutter Mane|Protosynthesis|[silent]\n|\n|-weather|RainDance|[upkeep]\n|upkeep\n|\n|t:|1683215475\n|switch|p2a: Azumarill|Azumarill, L50, F|100\/100\n|turn|4\n|c|\u2606Gholdjunge|gg\n|\n|t:|1683215480\n|move|p2b: Pelipper|Hurricane|p1b: Flutter Mane\n|-damage|p1b: Flutter Mane|32\/100\n|move|p2a: Azumarill|Liquidation|p1b: Flutter Mane\n|-damage|p1b: Flutter Mane|0 fnt\n|faint|p1b: Flutter Mane\n|-end|p1b: Flutter Mane|Protosynthesis|[silent]\n|\n|win|Gholdjunge\n|raw|PureNeutral's rating: 1627 → 1607<\/strong> (-20 for losing)\n|raw|Gholdjunge's rating: 1629 → 1649<\/strong> (+20 for winning)\n|c|\u2606PureNeutral|Gg\n|l| LC77777\n|l|\u2606PureNeutral\n","uploadtime":1683215490,"views":20,"p1id":"pureneutral","p2id":"gholdjunge","formatid":"gen9vgc2023regulationc","rating":1607,"private":0,"password":""}