{"id":"gen9vgc2023regulationc-1861631988","p1":"Icicle220","p2":"CaptainHanSolo","format":"[Gen 9] VGC 2023 Regulation C","log":"|j|\u2606Icicle220\n|j|\u2606CaptainHanSolo\n|t:|1683784960\n|gametype|doubles\n|player|p1|Icicle220|clemont|1281\n|player|p2|CaptainHanSolo|169|1270\n|teamsize|p1|6\n|teamsize|p2|6\n|gen|9\n|tier|[Gen 9] VGC 2023 Regulation C\n|rated|\n|rule|Species Clause: Limit one of each Pok\u00e9mon\n|rule|Item Clause: Limit one of each item\n|clearpoke\n|poke|p1|Ting-Lu, L50|\n|poke|p1|Annihilape, L50, F|\n|poke|p1|Chi-Yu, L50|\n|poke|p1|Iron Bundle, L50|\n|poke|p1|Dudunsparce-*, L50, M|\n|poke|p1|Maushold-Four, L50|\n|poke|p2|Tyranitar, L50, M|\n|poke|p2|Lycanroc, L50, F|\n|poke|p2|Garchomp, L50, F|\n|poke|p2|Great Tusk, L50|\n|poke|p2|Kilowattrel, L50, F|\n|poke|p2|Flutter Mane, L50|\n|teampreview|4\n|inactive|Battle timer is ON: inactive players will automatically lose when time's up. (requested by Icicle220)\n|\n|t:|1683784998\n|start\n|switch|p1a: Mushikui|Maushold-Four, L50|100\/100\n|switch|p1b: Eelda's Heir|Dudunsparce-Three-Segment, L50, M|100\/100\n|switch|p2a: Tyranitar|Tyranitar, L50, M|100\/100\n|switch|p2b: Garchomp|Garchomp, L50, F|100\/100\n|-weather|Sandstorm|[from] ability: Sand Stream|[of] p2a: Tyranitar\n|turn|1\n|\n|t:|1683785017\n|-terastallize|p2a: Tyranitar|Flying\n|-terastallize|p1b: Eelda's Heir|Psychic\n|move|p1a: Mushikui|Beat Up|p1b: Eelda's Heir\n|-supereffective|p1b: Eelda's Heir\n|-damage|p1b: Eelda's Heir|97\/100\n|-ability|p1b: Eelda's Heir|Rattled|boost\n|-boost|p1b: Eelda's Heir|spe|1\n|-enditem|p1b: Eelda's Heir|Weakness Policy\n|-boost|p1b: Eelda's Heir|atk|2|[from] item: Weakness Policy\n|-boost|p1b: Eelda's Heir|spa|2|[from] item: Weakness Policy\n|-supereffective|p1b: Eelda's Heir\n|-damage|p1b: Eelda's Heir|93\/100\n|-ability|p1b: Eelda's Heir|Rattled|boost\n|-boost|p1b: Eelda's Heir|spe|1\n|-supereffective|p1b: Eelda's Heir\n|-crit|p1b: Eelda's Heir\n|-damage|p1b: Eelda's Heir|88\/100\n|-ability|p1b: Eelda's Heir|Rattled|boost\n|-boost|p1b: Eelda's Heir|spe|1\n|-supereffective|p1b: Eelda's Heir\n|-damage|p1b: Eelda's Heir|85\/100\n|-ability|p1b: Eelda's Heir|Rattled|boost\n|-boost|p1b: Eelda's Heir|spe|1\n|-hitcount|p1b: Eelda's Heir|4\n|move|p1b: Eelda's Heir|Stored Power|p2b: Garchomp|[miss]\n|-miss|p1b: Eelda's Heir|p2b: Garchomp\n|move|p2b: Garchomp|Earthquake|p1b: Eelda's Heir|[spread] p1a,p1b\n|-immune|p2a: Tyranitar\n|-damage|p1a: Mushikui|38\/100\n|-damage|p1b: Eelda's Heir|48\/100\n|-damage|p2b: Garchomp|91\/100|[from] item: Life Orb\n|move|p2a: Tyranitar|Rock Slide|p1b: Eelda's Heir|[spread] p1a,p1b\n|-damage|p1a: Mushikui|0 fnt\n|-damage|p1b: Eelda's Heir|26\/100\n|faint|p1a: Mushikui\n|\n|-weather|Sandstorm|[upkeep]\n|-damage|p1b: Eelda's Heir|20\/100|[from] Sandstorm\n|-damage|p2a: Tyranitar|94\/100|[from] Sandstorm\n|upkeep\n|c|\u2606Icicle220|Sand veil?\n|c|\u2606Icicle220|Oof\n|inactive|Icicle220 has 30 seconds left.\n|\n|t:|1683785042\n|switch|p1a: Iron Santa|Iron Bundle, L50|100\/100\n|-enditem|p1a: Iron Santa|Booster Energy\n|-activate|p1a: Iron Santa|ability: Quark Drive|[fromitem]\n|-start|p1a: Iron Santa|quarkdrivespe\n|turn|2\n|c|\u2606CaptainHanSolo|Yeah sand veil\n|\n|t:|1683785067\n|move|p1a: Iron Santa|Icy Wind|p2a: Tyranitar|[spread] p2a,p2b\n|-supereffective|p2a: Tyranitar\n|-supereffective|p2b: Garchomp\n|-damage|p2a: Tyranitar|70\/100\n|-damage|p2b: Garchomp|0 fnt\n|-unboost|p2a: Tyranitar|spe|1\n|faint|p2b: Garchomp\n|move|p1b: Eelda's Heir|Stored Power|p2a: Tyranitar\n|-crit|p2a: Tyranitar\n|-damage|p2a: Tyranitar|0 fnt\n|faint|p2a: Tyranitar\n|\n|-weather|Sandstorm|[upkeep]\n|-damage|p1a: Iron Santa|94\/100|[from] Sandstorm\n|-damage|p1b: Eelda's Heir|14\/100|[from] Sandstorm\n|upkeep\n|\n|t:|1683785075\n|switch|p2b: Great Tusk|Great Tusk, L50|100\/100\n|switch|p2a: Lycanroc|Lycanroc, L50, F|100\/100\n|turn|3\n|\n|t:|1683785086\n|move|p1b: Eelda's Heir|Protect|p1b: Eelda's Heir\n|-singleturn|p1b: Eelda's Heir|Protect\n|move|p2a: Lycanroc|Rock Slide|p1a: Iron Santa|[spread] p1a\n|-activate|p1b: Eelda's Heir|move: Protect\n|-supereffective|p1a: Iron Santa\n|-damage|p1a: Iron Santa|26\/100\n|move|p1a: Iron Santa|Icy Wind|p2a: Lycanroc|[spread] p2a,p2b\n|-supereffective|p2b: Great Tusk\n|-damage|p2a: Lycanroc|78\/100\n|-damage|p2b: Great Tusk|40\/100\n|-unboost|p2a: Lycanroc|spe|1\n|-unboost|p2b: Great Tusk|spe|1\n|move|p2b: Great Tusk|Rock Slide|p1a: Iron Santa|[spread] p1a\n|-activate|p1b: Eelda's Heir|move: Protect\n|-supereffective|p1a: Iron Santa\n|-damage|p1a: Iron Santa|0 fnt\n|faint|p1a: Iron Santa\n|-end|p1a: Iron Santa|Quark Drive|[silent]\n|\n|-weather|Sandstorm|[upkeep]\n|-damage|p1b: Eelda's Heir|8\/100|[from] Sandstorm\n|upkeep\n|\n|t:|1683785096\n|switch|p1a: Odontotyrant|Ting-Lu, L50|100\/100\n|-ability|p1a: Odontotyrant|Vessel of Ruin\n|turn|4\n|\n|t:|1683785112\n|move|p1b: Eelda's Heir|Hyper Voice|p2b: Great Tusk|[spread] p2a,p2b\n|-resisted|p2a: Lycanroc\n|-damage|p2a: Lycanroc|54\/100\n|-damage|p2b: Great Tusk|0 fnt\n|faint|p2b: Great Tusk\n|-end|p2b: Great Tusk|Protosynthesis|[silent]\n|move|p2a: Lycanroc|Endeavor|p1a: Odontotyrant\n|-damage|p1a: Odontotyrant|34\/100\n|move|p1a: Odontotyrant|Stomping Tantrum|p2a: Lycanroc\n|-supereffective|p2a: Lycanroc\n|-damage|p2a: Lycanroc|0 fnt\n|faint|p2a: Lycanroc\n|\n|win|Icicle220\n|raw|Icicle220's rating: 1281 → 1305<\/strong> (+24 for winning)\n|raw|CaptainHanSolo's rating: 1270 → 1246<\/strong> (-24 for losing)\n","uploadtime":1683785124,"views":10,"p1id":"icicle220","p2id":"captainhansolo","formatid":"gen9vgc2023regulationc","rating":1246,"private":0,"password":""}