{"id":"gen9vgc2023regulationc-1846986609","p1":"Abugbog","p2":"Dag291","format":"[Gen 9] VGC 2023 Regulation C","log":"|j|\u2606Abugbog\n|j|\u2606Dag291\n|t:|1681909154\n|gametype|doubles\n|player|p1|Abugbog|265|1141\n|player|p2|Dag291|1|1122\n|teamsize|p1|6\n|teamsize|p2|6\n|gen|9\n|tier|[Gen 9] VGC 2023 Regulation C\n|rated|\n|rule|Species Clause: Limit one of each Pok\u00e9mon\n|rule|Item Clause: Limit one of each item\n|clearpoke\n|poke|p1|Chi-Yu, L50|\n|poke|p1|Iron Jugulis, L50|\n|poke|p1|Flutter Mane, L50|\n|poke|p1|Glimmora, L50, M|\n|poke|p1|Iron Bundle, L50|\n|poke|p1|Amoonguss, L50, M|\n|poke|p2|Great Tusk, L50|\n|poke|p2|Chi-Yu, L50|\n|poke|p2|Ceruledge, L50, F|\n|poke|p2|Iron Bundle, L50|\n|poke|p2|Gastrodon, L50, F|\n|poke|p2|Talonflame, L50, M|\n|teampreview|4\n|inactive|Battle timer is ON: inactive players will automatically lose when time's up. (requested by Dag291)\n|\n|t:|1681909194\n|start\n|switch|p1a: Iron Bundle|Iron Bundle, L50|100\/100\n|switch|p1b: Flutter Mane|Flutter Mane, L50|100\/100\n|switch|p2a: Great Tusk|Great Tusk, L50|100\/100\n|switch|p2b: Talonflame|Talonflame, L50, M|100\/100\n|turn|1\n|inactive|Abugbog has 30 seconds left.\n|\n|t:|1681909220\n|-terastallize|p1a: Iron Bundle|Ghost\n|move|p2b: Talonflame|Brave Bird|p1b: Flutter Mane\n|-damage|p1b: Flutter Mane|18\/100\n|-damage|p2b: Talonflame|74\/100|[from] Recoil\n|move|p1a: Iron Bundle|Hydro Pump|p2b: Talonflame\n|-supereffective|p2b: Talonflame\n|-damage|p2b: Talonflame|0 fnt\n|faint|p2b: Talonflame\n|move|p1b: Flutter Mane|Dazzling Gleam|p2a: Great Tusk\n|-supereffective|p2a: Great Tusk\n|-damage|p2a: Great Tusk|0 fnt\n|faint|p2a: Great Tusk\n|-end|p2a: Great Tusk|Protosynthesis|[silent]\n|-damage|p1b: Flutter Mane|9\/100|[from] item: Life Orb\n|\n|upkeep\n|\n|t:|1681909237\n|switch|p2b: Iron Bundle|Iron Bundle, L50|100\/100\n|switch|p2a: Chi-Yu|Chi-Yu, L50|100\/100\n|-ability|p2a: Chi-Yu|Beads of Ruin\n|-enditem|p2b: Iron Bundle|Booster Energy\n|-activate|p2b: Iron Bundle|ability: Quark Drive|[fromitem]\n|-start|p2b: Iron Bundle|quarkdrivespe\n|turn|2\n|inactive|Abugbog has 30 seconds left.\n|\n|t:|1681909263\n|-terastallize|p2b: Iron Bundle|Ice\n|move|p2b: Iron Bundle|Freeze-Dry|p1a: Iron Bundle\n|-crit|p1a: Iron Bundle\n|-enditem|p1a: Iron Bundle|Focus Sash\n|-damage|p1a: Iron Bundle|1\/100\n|move|p1a: Iron Bundle|Hydro Pump|p2a: Chi-Yu\n|-supereffective|p2a: Chi-Yu\n|-damage|p2a: Chi-Yu|0 fnt\n|faint|p2a: Chi-Yu\n|move|p1b: Flutter Mane|Dazzling Gleam|p2b: Iron Bundle\n|-damage|p2b: Iron Bundle|7\/100\n|-damage|p1b: Flutter Mane|0 fnt|[from] item: Life Orb\n|faint|p1b: Flutter Mane\n|-end|p1b: Flutter Mane|Protosynthesis|[silent]\n|\n|upkeep\n|\n|t:|1681909281\n|switch|p1b: Chi-Yu|Chi-Yu, L50|100\/100\n|-ability|p1b: Chi-Yu|Beads of Ruin\n|turn|3\n|-message|Dag291 forfeited.\n|\n|win|Abugbog\n|raw|Abugbog's rating: 1141 → 1165<\/strong> (+24 for winning)\n|raw|Dag291's rating: 1122 → 1098<\/strong> (-24 for losing)\n|l|\u2606Dag291\n","uploadtime":1681909289,"views":4,"p1id":"abugbog","p2id":"dag291","formatid":"gen9vgc2023regulationc","rating":1098,"private":0,"password":""}