{"id":"gen9vgc2023regulationc-1857954603","p1":"Dihap","p2":"SavannahPandaVGC","format":"[Gen 9] VGC 2023 Regulation C","log":"|j|\u2606Dihap\n|j|\u2606SavannahPandaVGC\n|t:|1683251849\n|gametype|doubles\n|player|p1|Dihap|265|1325\n|player|p2|SavannahPandaVGC|2|1361\n|teamsize|p1|6\n|teamsize|p2|6\n|gen|9\n|tier|[Gen 9] VGC 2023 Regulation C\n|rated|\n|rule|Species Clause: Limit one of each Pok\u00e9mon\n|rule|Item Clause: Limit one of each item\n|clearpoke\n|poke|p1|Iron Bundle, L50|\n|poke|p1|Flutter Mane, L50|\n|poke|p1|Chi-Yu, L50|\n|poke|p1|Maushold, L50|\n|poke|p1|Annihilape, L50, F|\n|poke|p1|Amoonguss, L50, F|\n|poke|p2|Flutter Mane, L50|\n|poke|p2|Iron Hands, L50|\n|poke|p2|Corviknight, L50, M|\n|poke|p2|Gyarados, L50, F|\n|poke|p2|Chi-Yu, L50|\n|poke|p2|Amoonguss, L50, M|\n|teampreview|4\nSavannahPandaVGC has agreed to open team sheets.\n|inactive|Battle timer is ON: inactive players will automatically lose when time's up. (requested by SavannahPandaVGC)\n|inactive|Dihap has 60 seconds left.\n|inactive|SavannahPandaVGC has 60 seconds left.\n|inactive|SavannahPandaVGC has 30 seconds left.\n|inactive|SavannahPandaVGC has 20 seconds left.\n|inactive|SavannahPandaVGC has 15 seconds left.\n|inactive|SavannahPandaVGC has 10 seconds left.\n|inactive|SavannahPandaVGC has 5 seconds left.\n|\n|t:|1683251944\n|start\n|switch|p1a: theFamily|Maushold, L50|100\/100\n|switch|p1b: Goblin|Annihilape, L50, F, shiny|100\/100\n|switch|p2a: Iron Hands|Iron Hands, L50|100\/100\n|switch|p2b: Flutter Mane|Flutter Mane, L50|100\/100\n|turn|1\n|inactive|SavannahPandaVGC has 30 seconds left.\n|inactive|SavannahPandaVGC has 20 seconds left.\n|inactive|SavannahPandaVGC has 15 seconds left.\n|inactive|SavannahPandaVGC has 10 seconds left.\n|inactive|SavannahPandaVGC has 5 seconds left.\n|\n|t:|1683251995\n|-terastallize|p2b: Flutter Mane|Fairy\n|move|p1a: theFamily|Protect|p1a: theFamily\n|-singleturn|p1a: theFamily|Protect\n|move|p1b: Goblin|Protect|p1b: Goblin\n|-singleturn|p1b: Goblin|Protect\n|move|p2a: Iron Hands|Fake Out|p1a: theFamily\n|-activate|p1a: theFamily|move: Protect\n|move|p2b: Flutter Mane|Dazzling Gleam|p1a: theFamily|[spread] \n|-activate|p1a: theFamily|move: Protect\n|-activate|p1b: Goblin|move: Protect\n|\n|upkeep\n|turn|2\n|inactive|Dihap has 30 seconds left.\n|\n|t:|1683252024\n|-terastallize|p1b: Goblin|Water\n|move|p2b: Flutter Mane|Dazzling Gleam|p1a: theFamily|[spread] p1a,p1b\n|-crit|p1b: Goblin\n|-damage|p1a: theFamily|42\/100\n|-damage|p1b: Goblin|46\/100\n|move|p1a: theFamily|Beat Up|p1b: Goblin\n|-damage|p1b: Goblin|44\/100\n|-damage|p1b: Goblin|42\/100\n|-damage|p1b: Goblin|40\/100\n|-damage|p1b: Goblin|38\/100\n|-hitcount|p1b: Goblin|4\n|move|p1b: Goblin|Rage Fist|p2b: Flutter Mane\n|-damage|p2b: Flutter Mane|0 fnt\n|faint|p2b: Flutter Mane\n|-end|p2b: Flutter Mane|Protosynthesis|[silent]\n|move|p2a: Iron Hands|Drain Punch|p1a: theFamily\n|-supereffective|p1a: theFamily\n|-damage|p1a: theFamily|0 fnt\n|faint|p1a: theFamily\n|\n|upkeep\n|inactive|SavannahPandaVGC has 30 seconds left.\n|\n|t:|1683252055\n|switch|p2b: Chi-Yu|Chi-Yu, L50|100\/100\n|switch|p1a: Flutter Mane|Flutter Mane, L50|100\/100\n|-ability|p2b: Chi-Yu|Beads of Ruin\n|turn|3\n|inactive|Dihap has 30 seconds left.\n|\n|t:|1683252083\n|move|p1a: Flutter Mane|Dazzling Gleam|p2a: Iron Hands|[spread] p2a,p2b\n|-supereffective|p2a: Iron Hands\n|-damage|p2a: Iron Hands|42\/100\n|-damage|p2b: Chi-Yu|51\/100\n|move|p2b: Chi-Yu|Dark Pulse|p1b: Goblin\n|-damage|p1b: Goblin|0 fnt\n|faint|p1b: Goblin\n|move|p2a: Iron Hands|Wild Charge|p1a: Flutter Mane\n|-crit|p1a: Flutter Mane\n|-damage|p1a: Flutter Mane|0 fnt\n|faint|p1a: Flutter Mane\n|-end|p1a: Flutter Mane|Protosynthesis|[silent]\n|-damage|p2a: Iron Hands|28\/100|[from] Recoil\n|\n|upkeep\n|-message|Dihap forfeited.\n|\n|win|SavannahPandaVGC\n|raw|Dihap's rating: 1325 → 1307<\/strong> (-18 for losing)\n|raw|SavannahPandaVGC's rating: 1361 → 1379<\/strong> (+18 for winning)\n|l|\u2606Dihap\n","uploadtime":1683252114,"views":8,"p1id":"dihap","p2id":"savannahpandavgc","formatid":"gen9vgc2023regulationc","rating":1307,"private":0,"password":""}