{"id":"gen9vgc2023regulationc-1851295262","p1":"TheAlmightySo","p2":"Iono_1118","format":"[Gen 9] VGC 2023 Regulation C","log":"|j|\u2606TheAlmightySo\n|j|\u2606Iono_1118\n|t:|1682433475\n|gametype|doubles\n|player|p1|TheAlmightySo|2|1456\n|player|p2|Iono_1118|iono|1481\n|teamsize|p1|6\n|teamsize|p2|6\n|gen|9\n|tier|[Gen 9] VGC 2023 Regulation C\n|rated|\n|rule|Species Clause: Limit one of each Pok\u00e9mon\n|rule|Item Clause: Limit one of each item\n|clearpoke\n|poke|p1|Flutter Mane, L50|\n|poke|p1|Chi-Yu, L50|\n|poke|p1|Amoonguss, L50, M|\n|poke|p1|Ting-Lu, L50|\n|poke|p1|Dragonite, L50, F|\n|poke|p1|Chien-Pao, L50|\n|poke|p2|Bellibolt, L50, M|\n|poke|p2|Wo-Chien, L50|\n|poke|p2|Scizor, L50, M|\n|poke|p2|Arcanine, L50, M|\n|poke|p2|Flutter Mane, L50|\n|poke|p2|Baxcalibur, L50, M|\n|teampreview|4\nIono_1118 has agreed to open team sheets.\n|inactive|Battle timer is ON: inactive players will automatically lose when time's up. (requested by Iono_1118)\n|inactive|Iono_1118 has 60 seconds left.\n|\n|t:|1682433516\n|start\n|switch|p1a: Ting-Lu|Ting-Lu, L50|100\/100\n|switch|p1b: Dragonite|Dragonite, L50, F|100\/100\n|switch|p2a: \u5947\u6a39\u86d9\u86d9|Bellibolt, L50, M, shiny|100\/100\n|switch|p2b: \u5de8\u795e\u5175|Baxcalibur, L50, M, shiny|100\/100\n|-ability|p1a: Ting-Lu|Vessel of Ruin\n|turn|1\n|inactive|Iono_1118 has 30 seconds left.\n|inactive|Iono_1118 has 20 seconds left.\n|\n|t:|1682433554\n|-terastallize|p1b: Dragonite|Normal\n|-terastallize|p2a: \u5947\u6a39\u86d9\u86d9|Water\n|move|p2b: \u5de8\u795e\u5175|Protect|p2b: \u5de8\u795e\u5175\n|-singleturn|p2b: \u5de8\u795e\u5175|Protect\n|move|p1b: Dragonite|Outrage|p2b: \u5de8\u795e\u5175\n|-activate|p2b: \u5de8\u795e\u5175|move: Protect\n|move|p2a: \u5947\u6a39\u86d9\u86d9|Parabolic Charge|p1b: Dragonite|[spread] p1b\n|-activate|p2b: \u5de8\u795e\u5175|move: Protect\n|-immune|p1a: Ting-Lu\n|-damage|p1b: Dragonite|93\/100\n|move|p1a: Ting-Lu|Fissure|p2a: \u5947\u6a39\u86d9\u86d9\n|-damage|p2a: \u5947\u6a39\u86d9\u86d9|0 fnt\n|faint|p2a: \u5947\u6a39\u86d9\u86d9\n|-ohko\n|\n|upkeep\n|\n|t:|1682433572\n|switch|p2a: \u5c0f\u8778|Wo-Chien, L50|100\/100\n|-ability|p2a: \u5c0f\u8778|Tablets of Ruin\n|turn|2\n|\n|t:|1682433591\n|switch|p2b: \u5927\u72d7\u72d7|Arcanine, L50, M, shiny|100\/100\n|-ability|p2b: \u5927\u72d7\u72d7|Intimidate|boost\n|-unboost|p1a: Ting-Lu|atk|1\n|-unboost|p1b: Dragonite|atk|1\n|move|p1b: Dragonite|Outrage|p2b: \u5927\u72d7\u72d7\n|-damage|p2b: \u5927\u72d7\u72d7|32\/100\n|move|p2a: \u5c0f\u8778|Foul Play|p1b: Dragonite\n|-crit|p1b: Dragonite\n|-damage|p1b: Dragonite|13\/100\n|move|p1a: Ting-Lu|Fissure|p2a: \u5c0f\u8778\n|-damage|p2a: \u5c0f\u8778|0 fnt\n|faint|p2a: \u5c0f\u8778\n|-ohko\n|\n|upkeep\n|\n|t:|1682433613\n|switch|p2a: \u5de8\u795e\u5175|Baxcalibur, L50, M, shiny|100\/100\n|turn|3\n|c|\u2606Iono_1118|...\n|\n|t:|1682433623\n|move|p2b: \u5927\u72d7\u72d7|Extreme Speed|p1b: Dragonite\n|-damage|p1b: Dragonite|0 fnt\n|faint|p1b: Dragonite\n|move|p2a: \u5de8\u795e\u5175|Icicle Spear|p1a: Ting-Lu\n|-supereffective|p1a: Ting-Lu\n|-damage|p1a: Ting-Lu|79\/100\n|-supereffective|p1a: Ting-Lu\n|-crit|p1a: Ting-Lu\n|-damage|p1a: Ting-Lu|48\/100\n|-supereffective|p1a: Ting-Lu\n|-damage|p1a: Ting-Lu|26\/100\n|-supereffective|p1a: Ting-Lu\n|-damage|p1a: Ting-Lu|5\/100\n|-hitcount|p1a: Ting-Lu|4\n|move|p1a: Ting-Lu|Stomping Tantrum|p2b: \u5927\u72d7\u72d7\n|-supereffective|p2b: \u5927\u72d7\u72d7\n|-damage|p2b: \u5927\u72d7\u72d7|0 fnt\n|faint|p2b: \u5927\u72d7\u72d7\n|\n|upkeep\n|\n|t:|1682433631\n|switch|p1b: Chien-Pao|Chien-Pao, L50|100\/100\n|-ability|p1b: Chien-Pao|Sword of Ruin\n|turn|4\n|\n|t:|1682433639\n|move|p1b: Chien-Pao|Sacred Sword|p2a: \u5de8\u795e\u5175\n|-supereffective|p2a: \u5de8\u795e\u5175\n|-damage|p2a: \u5de8\u795e\u5175|30\/100\n|move|p2a: \u5de8\u795e\u5175|Glaive Rush|p1b: Chien-Pao\n|-damage|p1b: Chien-Pao|2\/100\n|-singlemove|p2a: \u5de8\u795e\u5175|Glaive Rush|[silent]\n|move|p1a: Ting-Lu|Body Press|p2a: \u5de8\u795e\u5175\n|-supereffective|p2a: \u5de8\u795e\u5175\n|-damage|p2a: \u5de8\u795e\u5175|0 fnt\n|faint|p2a: \u5de8\u795e\u5175\n|\n|win|TheAlmightySo\n|raw|TheAlmightySo's rating: 1456 → 1477<\/strong> (+21 for winning)\n|raw|Iono_1118's rating: 1481 → 1460<\/strong> (-21 for losing)\n","uploadtime":1682433647,"views":12,"p1id":"thealmightyso","p2id":"iono1118","formatid":"gen9vgc2023regulationc","rating":1460,"private":0,"password":""}