{"id":"gen9vgc2023regulationc-1862823777","p1":"marcosmag","p2":"DeadmanPop","format":"[Gen 9] VGC 2023 Regulation C","log":"|j|\u2606marcosmag\n|j|\u2606DeadmanPop\n|t:|1683925982\n|gametype|doubles\n|player|p1|marcosmag|cynthia-gen4|1000\n|player|p2|DeadmanPop|volkner|1103\n|teamsize|p1|6\n|teamsize|p2|6\n|gen|9\n|tier|[Gen 9] VGC 2023 Regulation C\n|rated|\n|rule|Species Clause: Limit one of each Pok\u00e9mon\n|rule|Item Clause: Limit one of each item\n|clearpoke\n|poke|p1|Chi-Yu, L50|\n|poke|p1|Murkrow, L50, F|\n|poke|p1|Palafin, L50, F|\n|poke|p1|Tyranitar, L50, M|\n|poke|p1|Ting-Lu, L50|\n|poke|p1|Flutter Mane, L50|\n|poke|p2|Grimmsnarl, L50, M|\n|poke|p2|Indeedee-F, L50, F|\n|poke|p2|Roaring Moon, L50|\n|poke|p2|Espathra, L50, M|\n|poke|p2|Hawlucha, L50, F|\n|poke|p2|Chi-Yu, L50|\n|teampreview|4\n|inactive|Battle timer is ON: inactive players will automatically lose when time's up. (requested by DeadmanPop)\n|\n|t:|1683926001\n|start\n|switch|p1a: Chi-Yu|Chi-Yu, L50|100\/100\n|switch|p1b: Murkrow|Murkrow, L50, F|100\/100\n|switch|p2a: Hawlucha|Hawlucha, L50, F|100\/100\n|switch|p2b: Grimmsnarl|Grimmsnarl, L50, M|100\/100\n|-ability|p1a: Chi-Yu|Beads of Ruin\n|turn|1\n|\n|t:|1683926026\n|-terastallize|p1a: Chi-Yu|Grass\n|move|p2a: Hawlucha|Detect|p2a: Hawlucha\n|-singleturn|p2a: Hawlucha|Protect\n|move|p1b: Murkrow|Tailwind|p1b: Murkrow\n|-sidestart|p1: marcosmag|move: Tailwind\n|move|p1a: Chi-Yu|Heat Wave|p2b: Grimmsnarl|[spread] p2b\n|-activate|p2a: Hawlucha|move: Protect\n|-damage|p2b: Grimmsnarl|49\/100\n|-damage|p1a: Chi-Yu|91\/100|[from] item: Life Orb\n|move|p2b: Grimmsnarl|Dazzling Gleam|p1a: Chi-Yu|[spread] p1a,p1b\n|-supereffective|p1b: Murkrow\n|-damage|p1a: Chi-Yu|67\/100\n|-damage|p1b: Murkrow|24\/100\n|\n|-heal|p2b: Grimmsnarl|54\/100|[from] item: Leftovers\n|upkeep\n|turn|2\n|inactive|DeadmanPop has 30 seconds left.\n|\n|t:|1683926060\n|move|p1b: Murkrow|Protect|p1b: Murkrow\n|-singleturn|p1b: Murkrow|Protect\n|move|p2b: Grimmsnarl|Swagger|p2a: Hawlucha|[miss]\n|-miss|p2b: Grimmsnarl|p2a: Hawlucha\n|move|p1a: Chi-Yu|Heat Wave|p2a: Hawlucha|[spread] p2a,p2b\n|-crit|p2a: Hawlucha\n|-damage|p2a: Hawlucha|0 fnt\n|-damage|p2b: Grimmsnarl|0 fnt\n|faint|p2a: Hawlucha\n|faint|p2b: Grimmsnarl\n|-damage|p1a: Chi-Yu|57\/100|[from] item: Life Orb\n|\n|upkeep\n|\n|t:|1683926073\n|switch|p2a: Espathra|Espathra, L50, M|100\/100\n|switch|p2b: Indeedee|Indeedee-F, L50, F|100\/100\n|-item|p1a: Chi-Yu|Life Orb|[from] ability: Frisk|[of] p2a: Espathra|[identify]\n|-item|p1b: Murkrow|Eviolite|[from] ability: Frisk|[of] p2a: Espathra|[identify]\n|-fieldstart|move: Psychic Terrain|[from] ability: Psychic Surge|[of] p2b: Indeedee\n|-enditem|p2b: Indeedee|Psychic Seed\n|-boost|p2b: Indeedee|spd|1|[from] item: Psychic Seed\n|turn|3\n|\n|t:|1683926096\n|move|p1a: Chi-Yu|Dark Pulse|p2b: Indeedee\n|-supereffective|p2b: Indeedee\n|-damage|p2b: Indeedee|0 fnt\n|faint|p2b: Indeedee\n|-damage|p1a: Chi-Yu|47\/100|[from] item: Life Orb\n|move|p1b: Murkrow|Dark Pulse|p2a: Espathra\n|-supereffective|p2a: Espathra\n|-damage|p2a: Espathra|0 fnt\n|faint|p2a: Espathra\n|\n|win|marcosmag\n|raw|marcosmag's rating: 1000 → 1052<\/strong> (+52 for winning)\n|raw|DeadmanPop's rating: 1103 → 1071<\/strong> (-32 for losing)\n","uploadtime":1683926107,"views":16,"p1id":"marcosmag","p2id":"deadmanpop","formatid":"gen9vgc2023regulationc","rating":1052,"private":0,"password":""}