{"id":"gen9vgc2023regulationc-1850515662","p1":"WalmartParkingLot","p2":"Matutinha","format":"[Gen 9] VGC 2023 Regulation C","log":"|j|\u2606WalmartParkingLot\n|j|\u2606Matutinha\n|t:|1682344830\n|gametype|doubles\n|player|p1|WalmartParkingLot|pokekid|1448\n|player|p2|Matutinha|170|1587\n|teamsize|p1|6\n|teamsize|p2|6\n|gen|9\n|tier|[Gen 9] VGC 2023 Regulation C\n|rated|\n|rule|Species Clause: Limit one of each Pok\u00e9mon\n|rule|Item Clause: Limit one of each item\n|clearpoke\n|poke|p1|Flutter Mane, L50|\n|poke|p1|Great Tusk, L50|\n|poke|p1|Scizor, L50, F|\n|poke|p1|Chi-Yu, L50|\n|poke|p1|Iron Bundle, L50|\n|poke|p1|Dragapult, L50, F|\n|poke|p2|Flutter Mane, L50|\n|poke|p2|Iron Bundle, L50|\n|poke|p2|Abomasnow, L50, M|\n|poke|p2|Dragonite, L50, M|\n|poke|p2|Chien-Pao, L50|\n|poke|p2|Ting-Lu, L50|\n|teampreview|4\n|inactive|Battle timer is ON: inactive players will automatically lose when time's up. (requested by Matutinha)\n|inactive|Matutinha has 60 seconds left.\n|\n|t:|1682344923\n|start\n|switch|p1a: Scizor|Scizor, L50, F|100\/100\n|switch|p1b: Flutter Mane|Flutter Mane, L50|100\/100\n|switch|p2a: Dragonite|Dragonite, L50, M|100\/100\n|switch|p2b: Ting-Lu|Ting-Lu, L50|100\/100\n|-ability|p2b: Ting-Lu|Vessel of Ruin\n|turn|1\n|inactive|WalmartParkingLot has 30 seconds left.\n|inactive|Matutinha has 30 seconds left.\n|j| KounoTaro\n|inactive|Matutinha has 20 seconds left.\n|inactive|Matutinha has 15 seconds left.\n|\n|t:|1682344966\n|-terastallize|p1b: Flutter Mane|Fairy\n|-terastallize|p2b: Ting-Lu|Fire\n|move|p1a: Scizor|Bullet Punch|p2a: Dragonite\n|-damage|p2a: Dragonite|73\/100\n|move|p1b: Flutter Mane|Dazzling Gleam|p2a: Dragonite|[spread] p2a,p2b\n|-supereffective|p2a: Dragonite\n|-resisted|p2b: Ting-Lu\n|-damage|p2a: Dragonite|16\/100\n|-damage|p2b: Ting-Lu|88\/100\n|move|p2a: Dragonite|Iron Head|p1b: Flutter Mane\n|-supereffective|p1b: Flutter Mane\n|-enditem|p1b: Flutter Mane|Focus Sash\n|-damage|p1b: Flutter Mane|1\/100\n|move|p2b: Ting-Lu|Earthquake|p1a: Scizor|[spread] p1a,p1b\n|-immune|p2a: Dragonite\n|-damage|p1a: Scizor|51\/100\n|-damage|p1b: Flutter Mane|0 fnt\n|faint|p1b: Flutter Mane\n|-end|p1b: Flutter Mane|Protosynthesis|[silent]\n|\n|upkeep\n|\n|t:|1682344985\n|switch|p1b: Iron Bundle|Iron Bundle, L50|100\/100\n|turn|2\n|\n|t:|1682345004\n|move|p2a: Dragonite|Extreme Speed|p1b: Iron Bundle\n|-damage|p1b: Iron Bundle|59\/100\n|move|p1a: Scizor|Bullet Punch|p2a: Dragonite\n|-damage|p2a: Dragonite|0 fnt\n|faint|p2a: Dragonite\n|move|p1b: Iron Bundle|Hydro Pump|p2b: Ting-Lu\n|-supereffective|p2b: Ting-Lu\n|-damage|p2b: Ting-Lu|23\/100\n|move|p2b: Ting-Lu|Earthquake|p1b: Iron Bundle|[spread] p1a,p1b\n|-damage|p1a: Scizor|4\/100\n|-damage|p1b: Iron Bundle|11\/100\n|\n|upkeep\n|\n|t:|1682345016\n|switch|p2a: Iron Bundle|Iron Bundle, L50|100\/100\n|-enditem|p2a: Iron Bundle|Booster Energy\n|-activate|p2a: Iron Bundle|ability: Quark Drive|[fromitem]\n|-start|p2a: Iron Bundle|quarkdrivespe\n|turn|3\n|j| jdarcan\n|\n|t:|1682345037\n|switch|p2b: Abomasnow|Abomasnow, L50, M|100\/100\n|-weather|Snow|[from] ability: Snow Warning|[of] p2b: Abomasnow\n|move|p2a: Iron Bundle|Blizzard|p1a: Scizor|[spread] p1a,p1b\n|-resisted|p1a: Scizor\n|-resisted|p1b: Iron Bundle\n|-damage|p1a: Scizor|0 fnt\n|-damage|p1b: Iron Bundle|0 fnt\n|faint|p1a: Scizor\n|faint|p1b: Iron Bundle\n|-end|p1b: Iron Bundle|Quark Drive|[silent]\n|\n|-weather|Snow|[upkeep]\n|upkeep\n|\n|t:|1682345046\n|switch|p1b: Chi-Yu|Chi-Yu, L50|100\/100\n|-ability|p1b: Chi-Yu|Beads of Ruin\n|turn|4\n|\n|t:|1682345065\n|move|p2b: Abomasnow|Ice Shard|p1b: Chi-Yu\n|-resisted|p1b: Chi-Yu\n|-damage|p1b: Chi-Yu|89\/100\n|-damage|p2b: Abomasnow|91\/100|[from] item: Life Orb\n|move|p2a: Iron Bundle|Hydro Pump|p1b: Chi-Yu\n|-supereffective|p1b: Chi-Yu\n|-damage|p1b: Chi-Yu|0 fnt\n|faint|p1b: Chi-Yu\n|\n|win|Matutinha\n|raw|WalmartParkingLot's rating: 1448 → 1436<\/strong> (-12 for losing)\n|raw|Matutinha's rating: 1587 → 1599<\/strong> (+12 for winning)\n|l|\u2606Matutinha\n","uploadtime":1682345076,"views":26,"p1id":"walmartparkinglot","p2id":"matutinha","formatid":"gen9vgc2023regulationc","rating":1436,"private":0,"password":""}