{"id":"gen9vgc2023regulationc-1856337783","p1":"Blazing Blackness","p2":"vrumvrumnatal","format":"[Gen 9] VGC 2023 Regulation C","log":"|j|\u2606Blazing Blackness\n|j|\u2606vrumvrumnatal\n|t:|1683052071\n|gametype|doubles\n|player|p1|Blazing Blackness|chuck|1328\n|player|p2|vrumvrumnatal|102|1296\n|teamsize|p1|6\n|teamsize|p2|6\n|gen|9\n|tier|[Gen 9] VGC 2023 Regulation C\n|rated|\n|rule|Species Clause: Limit one of each Pok\u00e9mon\n|rule|Item Clause: Limit one of each item\n|clearpoke\n|poke|p1|Toxicroak, L50, M|\n|poke|p1|Pelipper, L50, M|\n|poke|p1|Chien-Pao, L50|\n|poke|p1|Kingambit, L50, M|\n|poke|p1|Flutter Mane, L50|\n|poke|p1|Drednaw, L50, M|\n|poke|p2|Chien-Pao, L50|\n|poke|p2|Dragonite, L50, M|\n|poke|p2|Kingambit, L50, F|\n|poke|p2|Gyarados, L50, F|\n|poke|p2|Great Tusk, L50|\n|poke|p2|Flutter Mane, L50|\n|teampreview|4\n|inactive|Battle timer is ON: inactive players will automatically lose when time's up. (requested by Blazing Blackness)\n|inactive|vrumvrumnatal has 60 seconds left.\n|\n|t:|1683052113\n|start\n|switch|p1a: Pelipper|Pelipper, L50, M|100\/100\n|switch|p1b: Toxicroak|Toxicroak, L50, M|100\/100\n|switch|p2a: Chien-Pao|Chien-Pao, L50|100\/100\n|switch|p2b: Dragonite|Dragonite, L50, M|100\/100\n|-ability|p2a: Chien-Pao|Sword of Ruin\n|-weather|RainDance|[from] ability: Drizzle|[of] p1a: Pelipper\n|turn|1\n|\n|t:|1683052135\n|-terastallize|p2b: Dragonite|Flying\n|move|p2a: Chien-Pao|Protect|p2a: Chien-Pao\n|-singleturn|p2a: Chien-Pao|Protect\n|move|p1b: Toxicroak|Fake Out|p2a: Chien-Pao\n|-activate|p2a: Chien-Pao|move: Protect\n|move|p1a: Pelipper|Tailwind|p1a: Pelipper\n|-sidestart|p1: Blazing Blackness|move: Tailwind\n|move|p2b: Dragonite|Tera Blast|p1b: Toxicroak\n|-supereffective|p1b: Toxicroak\n|-damage|p1b: Toxicroak|0 fnt\n|faint|p1b: Toxicroak\n|\n|-weather|RainDance|[upkeep]\n|upkeep\n|\n|t:|1683052143\n|switch|p1b: Drednaw|Drednaw, L50, M|100\/100\n|turn|2\n|\n|t:|1683052159\n|move|p1b: Drednaw|Rock Slide|p2a: Chien-Pao|[spread] p2a\n|-miss|p1b: Drednaw|p2b: Dragonite\n|-supereffective|p2a: Chien-Pao\n|-damage|p2a: Chien-Pao|9\/100\n|-damage|p1b: Drednaw|91\/100|[from] item: Life Orb\n|move|p1a: Pelipper|Hurricane|p2b: Dragonite\n|-damage|p2b: Dragonite|78\/100\n|move|p2a: Chien-Pao|Sacred Sword|p1b: Drednaw\n|-supereffective|p1b: Drednaw\n|-damage|p1b: Drednaw|4\/100\n|move|p2b: Dragonite|Tera Blast|p1a: Pelipper\n|-enditem|p1a: Pelipper|Focus Sash\n|-damage|p1a: Pelipper|1\/100\n|\n|-weather|RainDance|[upkeep]\n|upkeep\n|turn|3\n|\n|t:|1683052183\n|move|p1b: Drednaw|Protect|p1b: Drednaw\n|-singleturn|p1b: Drednaw|Protect\n|move|p2b: Dragonite|Extreme Speed|p1b: Drednaw\n|-activate|p1b: Drednaw|move: Protect\n|move|p2a: Chien-Pao|Sucker Punch|p1a: Pelipper\n|-damage|p1a: Pelipper|0 fnt\n|faint|p1a: Pelipper\n|\n|-weather|RainDance|[upkeep]\n|upkeep\n|-message|Blazing Blackness forfeited.\n|\n|win|vrumvrumnatal\n|raw|Blazing Blackness's rating: 1328 → 1306<\/strong> (-22 for losing)\n|raw|vrumvrumnatal's rating: 1296 → 1323<\/strong> (+27 for winning)\n|l|\u2606Blazing Blackness\n","uploadtime":1683052200,"views":15,"p1id":"blazingblackness","p2id":"vrumvrumnatal","formatid":"gen9vgc2023regulationc","rating":1306,"private":0,"password":""}