{"id":"gen9vgc2023regulationc-1847024387","p1":"mathtass","p2":"We_Love_The_Gong","format":"[Gen 9] VGC 2023 Regulation C","log":"|j|\u2606mathtass\n|j|\u2606We_Love_The_Gong\n|t:|1681912677\n|gametype|doubles\n|player|p1|mathtass|265|\n|player|p2|We_Love_The_Gong|fantina|\n|teamsize|p1|6\n|teamsize|p2|6\n|gen|9\n|tier|[Gen 9] VGC 2023 Regulation C\n|rated|Tournament battle\n|rule|Species Clause: Limit one of each Pok\u00e9mon\n|rule|Item Clause: Limit one of each item\n|clearpoke\n|poke|p1|Amoonguss, L50, F|\n|poke|p1|Chi-Yu, L50|\n|poke|p1|Arcanine, L50, M|\n|poke|p1|Dragonite, L50, F|\n|poke|p1|Flutter Mane, L50|\n|poke|p1|Palafin, L50, F|\n|poke|p2|Arcanine, L50, M|\n|poke|p2|Dachsbun, L50, M|\n|poke|p2|Iron Treads, L50|\n|poke|p2|Chi-Yu, L50|\n|poke|p2|Flutter Mane, L50|\n|poke|p2|Ting-Lu, L50|\n|teampreview|4\n|raw| Open Team Sheet for mathtass<\/summary>Amoonguss (F) @ Leftovers Ability: Regenerator Level: 50 Shiny: Yes Tera Type: Water - Pollen Puff - Rage Powder - Spore - Clear Smog Chi-Yu @ Life Orb Ability: Beads of Ruin Level: 50 Tera Type: Grass - Protect - Heat Wave - Snarl - Dark Pulse Arcanine @ Sitrus Berry Ability: Intimidate Level: 50 Shiny: Yes Tera Type: Flying - Flare Blitz - Snarl - Will-O-Wisp - Protect Dragonite @ Choice Band Ability: Inner Focus Level: 50 Shiny: Yes Tera Type: Normal - Extreme Speed - Stomping Tantrum - Ice Spinner - Dragon Claw Flutter Mane @ Focus Sash Ability: Protosynthesis Level: 50 Shiny: Yes Tera Type: Fairy - Protect - Moonblast - Dazzling Gleam - Shadow Ball Palafin (F) @ Safety Goggles Ability: Zero to Hero Level: 50 Shiny: Yes Tera Type: Water - Protect - Haze - Wave Crash - Jet Punch <\/details><\/div> Open Team Sheet for We_Love_The_Gong<\/summary>Arcanine @ Sitrus Berry Ability: Intimidate Level: 50 Tera Type: Grass - Flare Blitz - Will-O-Wisp - Extreme Speed - Protect Dachsbun @ Leftovers Ability: Well-Baked Body Level: 50 Tera Type: Steel - Body Press - Yawn - Howl - Protect Iron Treads @ Booster Energy Ability: Quark Drive Level: 50 Tera Type: Ground - Heavy Slam - Stomping Tantrum - Ice Spinner - Protect Chi-Yu @ Safety Goggles Ability: Beads of Ruin Level: 50 Tera Type: Ghost - Lava Plume - Heat Wave - Dark Pulse - Protect Flutter Mane @ Choice Specs Ability: Protosynthesis Level: 50 Tera Type: Fairy - Moonblast - Shadow Ball - Dazzling Gleam - Thunderbolt Ting-Lu @ Assault Vest Ability: Vessel of Ruin Level: 50 Tera Type: Grass - Heavy Slam - Ruination - Rock Slide - Earthquake <\/details><\/div>\n|c|\u2606We_Love_The_Gong|glhf\n|\n|t:|1681912741\n|start\n|switch|p1a: Dragonite|Dragonite, L50, F, shiny|100\/100\n|switch|p1b: Flutter Mane|Flutter Mane, L50, shiny|100\/100\n|switch|p2a: Chi-Yu|Chi-Yu, L50|100\/100\n|switch|p2b: Iron Treads|Iron Treads, L50|100\/100\n|-ability|p2a: Chi-Yu|Beads of Ruin\n|-enditem|p2b: Iron Treads|Booster Energy\n|-activate|p2b: Iron Treads|ability: Quark Drive|[fromitem]\n|-start|p2b: Iron Treads|quarkdriveatk\n|turn|1\n|j| Tempest brute\n|\n|t:|1681912795\n|move|p1b: Flutter Mane|Protect|p1b: Flutter Mane\n|-singleturn|p1b: Flutter Mane|Protect\n|move|p2b: Iron Treads|Protect|p2b: Iron Treads\n|-singleturn|p2b: Iron Treads|Protect\n|move|p2a: Chi-Yu|Protect|p2a: Chi-Yu\n|-singleturn|p2a: Chi-Yu|Protect\n|move|p1a: Dragonite|Stomping Tantrum|p2b: Iron Treads\n|-activate|p2b: Iron Treads|move: Protect\n|\n|upkeep\n|turn|2\n|\n|t:|1681912841\n|move|p1b: Flutter Mane|Moonblast|p2a: Chi-Yu\n|-damage|p2a: Chi-Yu|55\/100\n|move|p2b: Iron Treads|Ice Spinner|p1a: Dragonite\n|-supereffective|p1a: Dragonite\n|-damage|p1a: Dragonite|0 fnt\n|faint|p1a: Dragonite\n|move|p2a: Chi-Yu|Heat Wave|p1b: Flutter Mane\n|-damage|p1b: Flutter Mane|30\/100\n|\n|upkeep\n|\n|t:|1681912851\n|switch|p1a: Arcanine|Arcanine, L50, M, shiny|100\/100\n|-ability|p1a: Arcanine|Intimidate|boost\n|-unboost|p2a: Chi-Yu|atk|1\n|-unboost|p2b: Iron Treads|atk|1\n|turn|3\n|\n|t:|1681912868\n|move|p2b: Iron Treads|Protect|p2b: Iron Treads\n|-singleturn|p2b: Iron Treads|Protect\n|move|p2a: Chi-Yu|Protect|p2a: Chi-Yu\n|-singleturn|p2a: Chi-Yu|Protect\n|move|p1b: Flutter Mane|Shadow Ball|p2b: Iron Treads\n|-activate|p2b: Iron Treads|move: Protect\n|move|p1a: Arcanine|Snarl|p2a: Chi-Yu|[spread] \n|-activate|p2a: Chi-Yu|move: Protect\n|-activate|p2b: Iron Treads|move: Protect\n|\n|upkeep\n|turn|4\n|\n|t:|1681912882\n|-end|p2b: Iron Treads|Quark Drive|[silent]\n|switch|p2b: Dachsbun|Dachsbun, L50, M|100\/100\n|move|p1b: Flutter Mane|Moonblast|p2a: Chi-Yu\n|-damage|p2a: Chi-Yu|9\/100\n|move|p2a: Chi-Yu|Lava Plume|p1a: Arcanine|[spread] p1a,p1b\n|-ability|p2b: Dachsbun|Well-Baked Body|boost\n|-boost|p2b: Dachsbun|def|2\n|-resisted|p1a: Arcanine\n|-damage|p1a: Arcanine|82\/100\n|-damage|p1b: Flutter Mane|0 fnt\n|faint|p1b: Flutter Mane\n|-end|p1b: Flutter Mane|Protosynthesis|[silent]\n|move|p1a: Arcanine|Flare Blitz|p2a: Chi-Yu\n|-resisted|p2a: Chi-Yu\n|-damage|p2a: Chi-Yu|0 fnt\n|faint|p2a: Chi-Yu\n|-damage|p1a: Arcanine|80\/100|[from] Recoil\n|\n|upkeep\n|\n|t:|1681912899\n|switch|p1b: Chi-Yu|Chi-Yu, L50|100\/100\n|switch|p2a: Iron Treads|Iron Treads, L50|100\/100\n|-ability|p1b: Chi-Yu|Beads of Ruin\n|turn|5\n|-message|mathtass forfeited.\n|\n|win|We_Love_The_Gong\n|n|\u2606mathtass|mathtass\n|n|\u2606We_Love_The_Gong|welovethegong\n|n| Tempest brute|tempestbrute\n","uploadtime":1681912913,"views":4,"p1id":"mathtass","p2id":"welovethegong","formatid":"gen9vgc2023regulationc","rating":0,"private":0,"password":""}