{"id":"gen9vgc2023regulationc-1856710353","p1":"Arcacagne","p2":"fdjhgk","format":"[Gen 9] VGC 2023 Regulation C","log":"|j|\u2606Arcacagne\n|j|\u2606fdjhgk\n|t:|1683098683\n|gametype|doubles\n|player|p1|Arcacagne|265|1244\n|player|p2|fdjhgk|battlegirl-gen4|1195\n|teamsize|p1|6\n|teamsize|p2|6\n|gen|9\n|tier|[Gen 9] VGC 2023 Regulation C\n|rated|\n|rule|Species Clause: Limit one of each Pok\u00e9mon\n|rule|Item Clause: Limit one of each item\n|clearpoke\n|poke|p1|Chi-Yu, L50|\n|poke|p1|Flutter Mane, L50|\n|poke|p1|Amoonguss, L50, M|\n|poke|p1|Palafin, L50, F|\n|poke|p1|Kingambit, L50, M|\n|poke|p1|Arcanine, L50, F|\n|poke|p2|Indeedee-F, L50, F|\n|poke|p2|Armarouge, L50, F|\n|poke|p2|Torkoal, L50, F|\n|poke|p2|Dragapult, L50, F|\n|poke|p2|Amoonguss, L50, M|\n|poke|p2|Iron Hands, L50|\n|teampreview|4\n|inactive|Battle timer is ON: inactive players will automatically lose when time's up. (requested by Arcacagne)\n|inactive|fdjhgk has 60 seconds left.\n|inactive|fdjhgk has 30 seconds left.\n|inactive|fdjhgk has 20 seconds left.\n|inactive|fdjhgk has 15 seconds left.\n|inactive|fdjhgk has 10 seconds left.\n|inactive|fdjhgk has 5 seconds left.\n|\n|t:|1683098825\n|start\n|switch|p1a: Chi-Yu|Chi-Yu, L50|100\/100\n|switch|p1b: Palafin|Palafin, L50, F|100\/100\n|switch|p2a: Indeedee|Indeedee-F, L50, F|100\/100\n|switch|p2b: Armarouge|Armarouge, L50, F|100\/100\n|-ability|p1a: Chi-Yu|Beads of Ruin\n|-fieldstart|move: Psychic Terrain|[from] ability: Psychic Surge|[of] p2a: Indeedee\n|-enditem|p2a: Indeedee|Psychic Seed\n|-boost|p2a: Indeedee|spd|1|[from] item: Psychic Seed\n|turn|1\n|inactive|Arcacagne has 30 seconds left.\n|inactive|fdjhgk has 30 seconds left.\n|inactive|fdjhgk has 20 seconds left.\n|inactive|fdjhgk has 15 seconds left.\n|inactive|fdjhgk has 10 seconds left.\n|c|\u2606Arcacagne|Go man\n|inactive|fdjhgk has 5 seconds left.\n|\n|t:|1683098881\n|detailschange|p1b: Palafin|Palafin-Hero, L50, F\n|switch|p1b: Kingambit|Kingambit, L50, M|100\/100\n|move|p1a: Chi-Yu|Nasty Plot|p1a: Chi-Yu\n|-boost|p1a: Chi-Yu|spa|2\n|move|p2b: Armarouge|Energy Ball|p1b: Kingambit\n|-resisted|p1b: Kingambit\n|-damage|p1b: Kingambit|83\/100\n|move|p2a: Indeedee|Trick Room|p2a: Indeedee\n|-fieldstart|move: Trick Room|[of] p2a: Indeedee\n|\n|upkeep\n|turn|2\n|inactive|Arcacagne has 30 seconds left.\n|inactive|fdjhgk has 30 seconds left.\n|inactive|Arcacagne has 20 seconds left.\n|inactive|fdjhgk has 20 seconds left.\n|inactive|fdjhgk has 15 seconds left.\n|inactive|fdjhgk has 10 seconds left.\n|inactive|fdjhgk has 5 seconds left.\n|\n|t:|1683098936\n|-terastallize|p1b: Kingambit|Water\n|move|p1b: Kingambit|Kowtow Cleave|p2a: Indeedee\n|-supereffective|p2a: Indeedee\n|-damage|p2a: Indeedee|2\/100\n|move|p2b: Armarouge|Energy Ball|p1a: Chi-Yu\n|-resisted|p1a: Chi-Yu\n|-damage|p1a: Chi-Yu|88\/100\n|-unboost|p1a: Chi-Yu|spd|1\n|move|p1a: Chi-Yu|Dark Pulse|p2b: Armarouge\n|-supereffective|p2b: Armarouge\n|-damage|p2b: Armarouge|0 fnt\n|faint|p2b: Armarouge\n|move|p2a: Indeedee|Trick Room|p2a: Indeedee\n|-fieldend|move: Trick Room\n|\n|upkeep\n|inactive|fdjhgk has 30 seconds left.\n|inactive|fdjhgk has 20 seconds left.\n|inactive|fdjhgk has 15 seconds left.\n|inactive|fdjhgk has 10 seconds left.\n|c|\u2606Arcacagne|Before the end of the year\n|inactive|fdjhgk has 5 seconds left.\n|\n|t:|1683098991\n|switch|p2b: Torkoal|Torkoal, L50, F|100\/100\n|-weather|SunnyDay|[from] ability: Drought|[of] p2b: Torkoal\n|turn|3\n|\n|t:|1683099014\n|-terastallize|p2b: Torkoal|Fire\n|move|p2a: Indeedee|Follow Me|p2a: Indeedee\n|-singleturn|p2a: Indeedee|move: Follow Me\n|move|p1a: Chi-Yu|Heat Wave|p2a: Indeedee|[spread] p2a,p2b\n|-resisted|p2b: Torkoal\n|-damage|p2a: Indeedee|0 fnt\n|-damage|p2b: Torkoal|9\/100\n|faint|p2a: Indeedee\n|move|p1b: Kingambit|Kowtow Cleave|p2b: Torkoal\n|-damage|p2b: Torkoal|0 fnt\n|faint|p2b: Torkoal\n|\n|-weather|SunnyDay|[upkeep]\n|upkeep\n|-message|fdjhgk forfeited.\n|\n|win|Arcacagne\n|raw|Arcacagne's rating: 1244 → 1265<\/strong> (+21 for winning)\n|raw|fdjhgk's rating: 1195 → 1174<\/strong> (-21 for losing)\n|l|\u2606fdjhgk\n","uploadtime":1683099032,"views":18,"p1id":"arcacagne","p2id":"fdjhgk","formatid":"gen9vgc2023regulationc","rating":1174,"private":0,"password":""}