{"id":"gen9vgc2023regulationc-1846745718","p1":"That_Leek","p2":"Draven_07","format":"[Gen 9] VGC 2023 Regulation C","log":"|j|\u2606That_Leek\n|j|\u2606Draven_07\n|t:|1681873196\n|gametype|doubles\n|player|p1|That_Leek|blue|1207\n|player|p2|Draven_07|morty|1225\n|teamsize|p1|6\n|teamsize|p2|6\n|gen|9\n|tier|[Gen 9] VGC 2023 Regulation C\n|rated|\n|rule|Species Clause: Limit one of each Pok\u00e9mon\n|rule|Item Clause: Limit one of each item\n|clearpoke\n|poke|p1|Tyranitar, L50, F|\n|poke|p1|Gyarados, L50, F|\n|poke|p1|Scizor, L50, F|\n|poke|p1|Sandy Shocks, L50|\n|poke|p1|Amoonguss, L50, F|\n|poke|p1|Flutter Mane, L50|\n|poke|p2|Chien-Pao, L50|\n|poke|p2|Dragapult, L50, M|\n|poke|p2|Chi-Yu, L50|\n|poke|p2|Arcanine, L50, M|\n|poke|p2|Flutter Mane, L50|\n|poke|p2|Amoonguss, L50, F|\n|teampreview|4\nThat_Leek has agreed to open team sheets.\n|\n|t:|1681873224\n|start\n|switch|p1a: Scizor|Scizor, L50, F|100\/100\n|switch|p1b: Sandy Shocks|Sandy Shocks, L50|100\/100\n|switch|p2a: Amoonguss|Amoonguss, L50, F|100\/100\n|switch|p2b: Chi-Yu|Chi-Yu, L50|100\/100\n|-ability|p2b: Chi-Yu|Beads of Ruin\n|turn|1\n|\n|t:|1681873256\n|switch|p1a: Tyranitar|Tyranitar, L50, F|100\/100\n|-weather|Sandstorm|[from] ability: Sand Stream|[of] p1a: Tyranitar\n|move|p1b: Sandy Shocks|Protect|p1b: Sandy Shocks\n|-singleturn|p1b: Sandy Shocks|Protect\n|move|p2a: Amoonguss|Rage Powder|p2a: Amoonguss\n|-singleturn|p2a: Amoonguss|move: Rage Powder\n|move|p2b: Chi-Yu|Dark Pulse|p1b: Sandy Shocks\n|-activate|p1b: Sandy Shocks|move: Protect\n|\n|-weather|Sandstorm|[upkeep]\n|-damage|p2b: Chi-Yu|94\/100|[from] Sandstorm\n|-damage|p2a: Amoonguss|95\/100|[from] Sandstorm\n|upkeep\n|turn|2\n|\n|t:|1681873274\n|-terastallize|p2b: Chi-Yu|Ghost\n|move|p2b: Chi-Yu|Dark Pulse|p1b: Sandy Shocks\n|-damage|p1b: Sandy Shocks|29\/100\n|cant|p1b: Sandy Shocks|flinch\n|move|p1a: Tyranitar|Rock Slide|p2b: Chi-Yu|[spread] p2a,p2b\n|-damage|p2a: Amoonguss|69\/100\n|-damage|p2b: Chi-Yu|46\/100\n|move|p2a: Amoonguss|Spore|p1a: Tyranitar\n|-status|p1a: Tyranitar|slp|[from] move: Spore\n|\n|-weather|Sandstorm|[upkeep]\n|-damage|p2b: Chi-Yu|39\/100|[from] Sandstorm\n|-damage|p2a: Amoonguss|63\/100|[from] Sandstorm\n|upkeep\n|turn|3\n|\n|t:|1681873316\n|move|p2a: Amoonguss|Protect|p2a: Amoonguss\n|-singleturn|p2a: Amoonguss|Protect\n|move|p2b: Chi-Yu|Dark Pulse|p1b: Sandy Shocks\n|-damage|p1b: Sandy Shocks|0 fnt\n|faint|p1b: Sandy Shocks\n|-end|p1b: Sandy Shocks|Protosynthesis|[silent]\n|cant|p1a: Tyranitar|slp\n|\n|-weather|Sandstorm|[upkeep]\n|-damage|p2b: Chi-Yu|33\/100|[from] Sandstorm\n|-damage|p2a: Amoonguss|57\/100|[from] Sandstorm\n|upkeep\n|l|\u2606Draven_07\n|player|p2|\n|\n|t:|1681873335\n|switch|p1b: Scizor|Scizor, L50, F|100\/100\n|turn|4\n|j|\u2606Draven_07\n|player|p2|Draven_07|morty\n|l|\u2606Draven_07\n|player|p2|\n|inactive|Battle timer is ON: inactive players will automatically lose when time's up. (requested by That_Leek)\n|inactive|Draven_07 has 30 seconds to reconnect!\n|inactive|Draven_07 has 20 seconds to reconnect!\n|inactive|Draven_07 has 15 seconds to reconnect!\n|inactive|Draven_07 has 10 seconds to reconnect!\n|inactive|Draven_07 has 5 seconds to reconnect!\n|-message|Draven_07 lost due to inactivity.\n|\n|win|That_Leek\n|raw|That_Leek's rating: 1207 → 1233<\/strong> (+26 for winning)\n|raw|Draven_07's rating: 1225 → 1199<\/strong> (-26 for losing)\n","uploadtime":1681873487,"views":12,"p1id":"thatleek","p2id":"draven07","formatid":"gen9vgc2023regulationc","rating":1199,"private":0,"password":""}