{"id":"gen9vgc2023regulationc-1847480703","p1":"0rion1798","p2":"Ricardo Randorez","format":"[Gen 9] VGC 2023 Regulation C","log":"|j|\u26060rion1798\n|j|\u2606Ricardo Randorez\n|t:|1681960440\n|gametype|doubles\n|player|p1|0rion1798|1|1211\n|player|p2|Ricardo Randorez|265|1219\n|teamsize|p1|6\n|teamsize|p2|6\n|gen|9\n|tier|[Gen 9] VGC 2023 Regulation C\n|rated|\n|rule|Species Clause: Limit one of each Pok\u00e9mon\n|rule|Item Clause: Limit one of each item\n|clearpoke\n|poke|p1|Tyranitar, L50, F|\n|poke|p1|Glimmora, L50, M|\n|poke|p1|Chi-Yu, L50|\n|poke|p1|Flutter Mane, L50|\n|poke|p1|Chien-Pao, L50|\n|poke|p1|Dragonite, L50, F|\n|poke|p2|Gyarados, L50, F|\n|poke|p2|Arcanine, L50, F|\n|poke|p2|Dragonite, L50, F|\n|poke|p2|Great Tusk, L50|\n|poke|p2|Iron Jugulis, L50|\n|poke|p2|Chien-Pao, L50|\n|teampreview|4\n|inactive|Battle timer is ON: inactive players will automatically lose when time's up. (requested by 0rion1798)\n|\n|t:|1681960482\n|start\n|switch|p1a: Feesh|Chi-Yu, L50|100\/100\n|switch|p1b: Gen 9 Incin|Flutter Mane, L50|100\/100\n|switch|p2a: Iron Jugulis|Iron Jugulis, L50|100\/100\n|switch|p2b: Great Tusk|Great Tusk, L50|100\/100\n|-ability|p1a: Feesh|Beads of Ruin\n|-enditem|p2a: Iron Jugulis|Booster Energy\n|-activate|p2a: Iron Jugulis|ability: Quark Drive|[fromitem]\n|-start|p2a: Iron Jugulis|quarkdrivespe\n|-enditem|p1b: Gen 9 Incin|Booster Energy\n|-activate|p1b: Gen 9 Incin|ability: Protosynthesis|[fromitem]\n|-start|p1b: Gen 9 Incin|protosynthesisspe\n|turn|1\n|inactive|0rion1798 has 30 seconds left.\n|inactive|0rion1798 has 20 seconds left.\n|inactive|0rion1798 has 15 seconds left.\n|inactive|0rion1798 has 10 seconds left.\n|\n|t:|1681960531\n|-terastallize|p2b: Great Tusk|Ground\n|move|p1b: Gen 9 Incin|Protect|p1b: Gen 9 Incin\n|-singleturn|p1b: Gen 9 Incin|Protect\n|move|p2a: Iron Jugulis|Tailwind|p2a: Iron Jugulis\n|-sidestart|p2: Ricardo Randorez|move: Tailwind\n|move|p2b: Great Tusk|Earthquake|p1a: Feesh|[spread] p1a\n|-activate|p1b: Gen 9 Incin|move: Protect\n|-immune|p2a: Iron Jugulis\n|-supereffective|p1a: Feesh\n|-damage|p1a: Feesh|0 fnt\n|faint|p1a: Feesh\n|\n|upkeep\n|\n|t:|1681960546\n|switch|p1a: Dragontales|Dragonite, L50, F|100\/100\n|turn|2\n|\n|t:|1681960561\n|move|p2a: Iron Jugulis|Snarl|p1a: Dragontales|[spread] p1a,p1b\n|-damage|p1a: Dragontales|83\/100\n|-damage|p1b: Gen 9 Incin|82\/100\n|-unboost|p1a: Dragontales|spa|1\n|-unboost|p1b: Gen 9 Incin|spa|1\n|move|p2b: Great Tusk|Rock Slide|p1b: Gen 9 Incin|[spread] p1a,p1b\n|-supereffective|p1a: Dragontales\n|-damage|p1a: Dragontales|48\/100\n|-damage|p1b: Gen 9 Incin|58\/100\n|move|p1b: Gen 9 Incin|Shadow Ball|p2b: Great Tusk\n|-damage|p2b: Great Tusk|75\/100\n|move|p1a: Dragontales|Thunder Punch|p2a: Iron Jugulis\n|-supereffective|p2a: Iron Jugulis\n|-damage|p2a: Iron Jugulis|38\/100\n|\n|upkeep\n|turn|3\n|\n|t:|1681960583\n|move|p1b: Gen 9 Incin|Protect|p1b: Gen 9 Incin\n|-singleturn|p1b: Gen 9 Incin|Protect\n|move|p1a: Dragontales|Extreme Speed|p2a: Iron Jugulis\n|-damage|p2a: Iron Jugulis|4\/100\n|move|p2a: Iron Jugulis|Snarl|p1b: Gen 9 Incin|[spread] p1a\n|-activate|p1b: Gen 9 Incin|move: Protect\n|-damage|p1a: Dragontales|31\/100\n|-unboost|p1a: Dragontales|spa|1\n|move|p2b: Great Tusk|Rock Slide|p1a: Dragontales|[spread] p1a\n|-activate|p1b: Gen 9 Incin|move: Protect\n|-supereffective|p1a: Dragontales\n|-damage|p1a: Dragontales|0 fnt\n|faint|p1a: Dragontales\n|\n|upkeep\n|-message|0rion1798 forfeited.\n|\n|win|Ricardo Randorez\n|raw|0rion1798's rating: 1211 → 1187<\/strong> (-24 for losing)\n|raw|Ricardo Randorez's rating: 1219 → 1243<\/strong> (+24 for winning)\n|l|\u26060rion1798\n","uploadtime":1681960603,"views":4,"p1id":"0rion1798","p2id":"ricardorandorez","formatid":"gen9vgc2023regulationc","rating":1187,"private":0,"password":""}