{"id":"gen9vgc2023regulationc-1850992177","p1":"Brendu04","p2":"AnthonyL","format":"[Gen 9] VGC 2023 Regulation C","log":"|j|\u2606Brendu04\n|j|\u2606AnthonyL\n|t:|1682391192\n|gametype|doubles\n|player|p1|Brendu04|hilbert-wonderlauncher|1256\n|player|p2|AnthonyL|lucas|1321\n|teamsize|p1|6\n|teamsize|p2|6\n|gen|9\n|tier|[Gen 9] VGC 2023 Regulation C\n|rated|\n|rule|Species Clause: Limit one of each Pok\u00e9mon\n|rule|Item Clause: Limit one of each item\n|clearpoke\n|poke|p1|Palafin, L50, M|\n|poke|p1|Tsareena, L50, F|\n|poke|p1|Talonflame, L50, M|\n|poke|p1|Arcanine, L50, M|\n|poke|p1|Flutter Mane, L50|\n|poke|p1|Ting-Lu, L50|\n|poke|p2|Garchomp, L50, F|\n|poke|p2|Gyarados, L50, F|\n|poke|p2|Amoonguss, L50, M|\n|poke|p2|Corviknight, L50, M|\n|poke|p2|Chi-Yu, L50|\n|poke|p2|Flutter Mane, L50|\n|teampreview|4\n|inactive|Battle timer is ON: inactive players will automatically lose when time's up. (requested by AnthonyL)\nAnthonyL has agreed to open team sheets.\nBrendu04 has agreed to open team sheets.\n|inactive|AnthonyL has 60 seconds left.\n|inactive|AnthonyL has 30 seconds left.\n|inactive|AnthonyL has 20 seconds left.\n|inactive|AnthonyL has 15 seconds left.\n|inactive|AnthonyL has 10 seconds left.\n|\n|t:|1682391279\n|start\n|switch|p1a: Talonflame|Talonflame, L50, M|100\/100\n|switch|p1b: Tsareena|Tsareena, L50, F|100\/100\n|switch|p2a: Garchomp|Garchomp, L50, F|100\/100\n|switch|p2b: Corviknight|Corviknight, L50, M|100\/100\n|turn|1\n|\n|t:|1682391298\n|move|p1a: Talonflame|Tailwind|p1a: Talonflame\n|-sidestart|p1: Brendu04|move: Tailwind\n|move|p1b: Tsareena|Taunt|p2b: Corviknight\n|-start|p2b: Corviknight|move: Taunt\n|move|p2a: Garchomp|Swords Dance|p2a: Garchomp\n|-boost|p2a: Garchomp|atk|2\n|cant|p2b: Corviknight|move: Taunt|Tailwind\n|\n|upkeep\n|turn|2\n|\n|t:|1682391315\n|move|p1a: Talonflame|Will-O-Wisp|p2a: Garchomp|[miss]\n|-miss|p1a: Talonflame|p2a: Garchomp\n|move|p1b: Tsareena|U-turn|p2b: Corviknight\n|-resisted|p2b: Corviknight\n|-damage|p2b: Corviknight|96\/100\n|\n|t:|1682391319\n|switch|p1b: Arcanine|Arcanine, L50, M|100\/100|[from] U-turn\n|-ability|p1b: Arcanine|Intimidate|boost\n|-fail|p2a: Garchomp|unboost|[from] item: Clear Amulet|[of] p2a: Garchomp\n|-ability|p2b: Corviknight|Mirror Armor\n|-unboost|p1b: Arcanine|atk|1\n|move|p2a: Garchomp|Rock Slide|p1a: Talonflame|[spread] p1a,p1b\n|-supereffective|p1a: Talonflame\n|-crit|p1a: Talonflame\n|-supereffective|p1b: Arcanine\n|-damage|p1a: Talonflame|0 fnt\n|-damage|p1b: Arcanine|13\/100\n|faint|p1a: Talonflame\n|move|p2b: Corviknight|Brave Bird|p1b: Arcanine\n|-damage|p1b: Arcanine|0 fnt\n|faint|p1b: Arcanine\n|-damage|p2b: Corviknight|92\/100|[from] Recoil\n|\n|upkeep\n|\n|t:|1682391323\n|switch|p1a: Tsareena|Tsareena, L50, F|100\/100\n|switch|p1b: Flutter Mane|Flutter Mane, L50|100\/100\n|-enditem|p1b: Flutter Mane|Booster Energy\n|-activate|p1b: Flutter Mane|ability: Protosynthesis|[fromitem]\n|-start|p1b: Flutter Mane|protosynthesisspa\n|turn|3\n|\n|t:|1682391335\n|move|p2a: Garchomp|Protect|p2a: Garchomp\n|-singleturn|p2a: Garchomp|Protect\n|move|p1b: Flutter Mane|Dazzling Gleam|p2a: Garchomp|[spread] p2b\n|-activate|p2a: Garchomp|move: Protect\n|-resisted|p2b: Corviknight\n|-crit|p2b: Corviknight\n|-damage|p2b: Corviknight|65\/100\n|move|p1a: Tsareena|Power Whip|p2a: Garchomp\n|-activate|p2a: Garchomp|move: Protect\n|move|p2b: Corviknight|Brave Bird|p1a: Tsareena\n|-supereffective|p1a: Tsareena\n|-damage|p1a: Tsareena|23\/100\n|-damage|p2b: Corviknight|48\/100|[from] item: Rocky Helmet|[of] p1a: Tsareena\n|-damage|p2b: Corviknight|28\/100|[from] Recoil\n|\n|-end|p2b: Corviknight|move: Taunt\n|upkeep\n|turn|4\n|\n|t:|1682391352\n|-terastallize|p2a: Garchomp|Steel\n|move|p1b: Flutter Mane|Dazzling Gleam|p2a: Garchomp|[spread] p2a,p2b\n|-resisted|p2a: Garchomp\n|-resisted|p2b: Corviknight\n|-damage|p2a: Garchomp|76\/100\n|-damage|p2b: Corviknight|11\/100\n|move|p1a: Tsareena|Power Whip|p2b: Corviknight\n|-resisted|p2b: Corviknight\n|-damage|p2b: Corviknight|0 fnt\n|faint|p2b: Corviknight\n|move|p2a: Garchomp|Earthquake|p1b: Flutter Mane|[spread] p1a,p1b\n|-resisted|p1a: Tsareena\n|-damage|p1a: Tsareena|0 fnt\n|-damage|p1b: Flutter Mane|0 fnt\n|faint|p1a: Tsareena\n|faint|p1b: Flutter Mane\n|-end|p1b: Flutter Mane|Protosynthesis|[silent]\n|\n|win|AnthonyL\n|raw|Brendu04's rating: 1256 → 1236<\/strong> (-20 for losing)\n|raw|AnthonyL's rating: 1321 → 1337<\/strong> (+16 for winning)\n|l|\u2606Brendu04\n","uploadtime":1682391366,"views":7,"p1id":"brendu04","p2id":"anthonyl","formatid":"gen9vgc2023regulationc","rating":1236,"private":0,"password":""}