{"id":"gen9vgc2023regulationc-1857212696","p1":"LightningLucario","p2":"lethalpilot","format":"[Gen 9] VGC 2023 Regulation C","log":"|j|\u2606LightningLucario\n|j|\u2606lethalpilot\n|t:|1683158691\n|gametype|doubles\n|player|p1|LightningLucario|170|\n|player|p2|lethalpilot|swimmer-gen4|\n|teamsize|p1|6\n|teamsize|p2|6\n|gen|9\n|tier|[Gen 9] VGC 2023 Regulation C\n|rule|Species Clause: Limit one of each Pok\u00e9mon\n|rule|Item Clause: Limit one of each item\n|clearpoke\n|poke|p1|Zoroark, L50, F|\n|poke|p1|Azumarill, L50, M|\n|poke|p1|Toxapex, L50, F|\n|poke|p1|Tyranitar, L50, M|\n|poke|p1|Gallade, L50, M|\n|poke|p1|Flutter Mane, L50|\n|poke|p2|Murkrow, L50, M|\n|poke|p2|Brambleghast, L50, M|\n|poke|p2|Espeon, L50, M|\n|poke|p2|Hawlucha, L50, M|\n|poke|p2|Amoonguss, L50, M|\n|poke|p2|Arcanine, L50, M|\n|teampreview|4\n|j| tomciv20\nlethalpilot rejected open team sheets.\n|\n|t:|1683158735\n|start\n|switch|p1a: Doomer|Azumarill, L50, M, shiny|100\/100\n|switch|p1b: Gay|Gallade, L50, M, shiny|100\/100\n|switch|p2a: TomKrow|Murkrow, L50, M|100\/100\n|switch|p2b: Rick|Brambleghast, L50, M|100\/100\n|turn|1\n|inactive|Battle timer is ON: inactive players will automatically lose when time's up. (requested by lethalpilot)\n|inactive|LightningLucario has 60 seconds left.\n|\n|t:|1683158806\n|-terastallize|p2b: Rick|Ghost\n|move|p2a: TomKrow|Tailwind|p2a: TomKrow\n|-sidestart|p2: lethalpilot|move: Tailwind\n|-ability|p2b: Rick|Wind Rider|boost\n|-boost|p2b: Rick|atk|1\n|move|p2b: Rick|Tera Blast|p1b: Gay\n|-supereffective|p1b: Gay\n|-damage|p1b: Gay|0 fnt\n|faint|p1b: Gay\n|move|p1a: Doomer|Play Rough|p2a: TomKrow\n|-supereffective|p2a: TomKrow\n|-damage|p2a: TomKrow|0 fnt\n|faint|p2a: TomKrow\n|\n|upkeep\n|inactive|LightningLucario has 30 seconds left.\n|\n|t:|1683158833\n|switch|p1b: Tyrunt.|Tyranitar, L50, M, shiny|100\/100\n|switch|p2a: Illegal Alien|Espeon, L50, M, shiny|100\/100\n|-weather|Sandstorm|[from] ability: Sand Stream|[of] p1b: Tyrunt.\n|turn|2\n|inactive|lethalpilot has 30 seconds left.\n|\n|t:|1683158859\n|move|p2a: Illegal Alien|Draining Kiss|p1b: Tyrunt.\n|-supereffective|p1b: Tyrunt.\n|-damage|p1b: Tyrunt.|81\/100\n|move|p2b: Rick|Power Whip|p1a: Doomer\n|-supereffective|p1a: Doomer\n|-damage|p1a: Doomer|0 fnt\n|faint|p1a: Doomer\n|move|p1b: Tyrunt.|Crunch|p2a: Illegal Alien\n|-supereffective|p2a: Illegal Alien\n|-damage|p2a: Illegal Alien|0 fnt\n|faint|p2a: Illegal Alien\n|\n|-weather|Sandstorm|[upkeep]\n|-damage|p2b: Rick|94\/100|[from] Sandstorm\n|upkeep\n|\n|t:|1683158874\n|switch|p2a: Flying Monkey|Hawlucha, L50, M, shiny|100\/100\n|switch|p1a: Butter Spain|Flutter Mane, L50|100\/100\n|-ability|p2a: Flying Monkey|Mold Breaker\n|turn|3\n|inactive|LightningLucario has 30 seconds left.\n|inactive|lethalpilot has 30 seconds left.\n|inactive|LightningLucario has 20 seconds left.\n|\n|t:|1683158910\n|-terastallize|p1a: Butter Spain|Fighting\n|move|p2a: Flying Monkey|Close Combat|p1b: Tyrunt.\n|-supereffective|p1b: Tyrunt.\n|-damage|p1b: Tyrunt.|0 fnt\n|-unboost|p2a: Flying Monkey|def|1\n|-unboost|p2a: Flying Monkey|spd|1\n|faint|p1b: Tyrunt.\n|move|p2b: Rick|Substitute|p2b: Rick\n|-start|p2b: Rick|Substitute\n|-damage|p2b: Rick|70\/100\n|move|p1a: Butter Spain|Shadow Ball|p2b: Rick\n|-supereffective|p2b: Rick\n|-end|p2b: Rick|Substitute\n|\n|-weather|Sandstorm|[upkeep]\n|-damage|p2a: Flying Monkey|95\/100|[from] Sandstorm\n|-damage|p2b: Rick|64\/100|[from] Sandstorm\n|-damage|p1a: Butter Spain|94\/100|[from] Sandstorm\n|upkeep\n|turn|4\n|inactive|lethalpilot has 30 seconds left.\n|inactive|lethalpilot has 20 seconds left.\n|inactive|lethalpilot has 15 seconds left.\n|\n|t:|1683158954\n|move|p2a: Flying Monkey|Acrobatics|p1a: Butter Spain\n|-supereffective|p1a: Butter Spain\n|-damage|p1a: Butter Spain|0 fnt\n|faint|p1a: Butter Spain\n|-end|p1a: Butter Spain|Protosynthesis|[silent]\n|\n|win|lethalpilot\n|l|\u2606LightningLucario\n|l|\u2606lethalpilot\n","uploadtime":1683159636,"views":19,"p1id":"lightninglucario","p2id":"lethalpilot","formatid":"gen9vgc2023regulationc","rating":0,"private":0,"password":""}