{"id":"gen9vgc2023regulationc-1857594623","p1":"Goldeen Knights","p2":"ArchAvenger","format":"[Gen 9] VGC 2023 Regulation C","log":"|j|\u2606Goldeen Knights\n|j|\u2606ArchAvenger\n|t:|1683211401\n|gametype|doubles\n|player|p1|Goldeen Knights|burglar|1338\n|player|p2|ArchAvenger|169|1371\n|teamsize|p1|6\n|teamsize|p2|6\n|gen|9\n|tier|[Gen 9] VGC 2023 Regulation C\n|rated|\n|rule|Species Clause: Limit one of each Pok\u00e9mon\n|rule|Item Clause: Limit one of each item\n|clearpoke\n|poke|p1|Talonflame, L50, F|\n|poke|p1|Garchomp, L50, M|\n|poke|p1|Flutter Mane, L50|\n|poke|p1|Kingambit, L50, M|\n|poke|p1|Amoonguss, L50, F|\n|poke|p1|Rotom-Wash, L50|\n|poke|p2|Flutter Mane, L50|\n|poke|p2|Chi-Yu, L50|\n|poke|p2|Roaring Moon, L50|\n|poke|p2|Jumpluff, L50, M|\n|poke|p2|Wo-Chien, L50|\n|poke|p2|Torkoal, L50, F|\n|teampreview|4\n|inactive|Battle timer is ON: inactive players will automatically lose when time's up. (requested by ArchAvenger)\nArchAvenger rejected open team sheets.\n|\n|t:|1683211441\n|start\n|switch|p1a: Flutter Mane|Flutter Mane, L50|100\/100\n|switch|p1b: Kingambit|Kingambit, L50, M|100\/100\n|switch|p2a: Flutter Mane|Flutter Mane, L50|100\/100\n|switch|p2b: Jumpluff|Jumpluff, L50, M|100\/100\n|-enditem|p1a: Flutter Mane|Booster Energy\n|-activate|p1a: Flutter Mane|ability: Protosynthesis|[fromitem]\n|-start|p1a: Flutter Mane|protosynthesisspe\n|turn|1\n|inactive|Goldeen Knights has 30 seconds left.\n|\n|t:|1683211472\n|-terastallize|p1a: Flutter Mane|Fairy\n|move|p2b: Jumpluff|Rage Powder|p2b: Jumpluff\n|-singleturn|p2b: Jumpluff|move: Rage Powder\n|move|p1a: Flutter Mane|Icy Wind|p2a: Flutter Mane|[spread] p2a,p2b\n|-supereffective|p2b: Jumpluff\n|-damage|p2a: Flutter Mane|89\/100\n|-damage|p2b: Jumpluff|41\/100\n|-unboost|p2a: Flutter Mane|spe|1\n|-unboost|p2b: Jumpluff|spe|1\n|move|p1b: Kingambit|Iron Head|p2b: Jumpluff\n|-damage|p2b: Jumpluff|0 fnt\n|faint|p2b: Jumpluff\n|move|p2a: Flutter Mane|Trick Room|p2a: Flutter Mane\n|-fieldstart|move: Trick Room|[of] p2a: Flutter Mane\n|\n|upkeep\n|\n|t:|1683211485\n|switch|p2b: Torkoal|Torkoal, L50, F|100\/100\n|-weather|SunnyDay|[from] ability: Drought|[of] p2b: Torkoal\n|-activate|p2a: Flutter Mane|ability: Protosynthesis\n|-start|p2a: Flutter Mane|protosynthesisspa\n|turn|2\n|\n|t:|1683211508\n|-end|p2a: Flutter Mane|Protosynthesis|[silent]\n|switch|p2a: Wo-Chien|Wo-Chien, L50|100\/100\n|-ability|p2a: Wo-Chien|Tablets of Ruin\n|-end|p1a: Flutter Mane|Protosynthesis|[silent]\n|switch|p1a: Talonflame|Talonflame, L50, F|100\/100\n|-terastallize|p2b: Torkoal|Fire\n|move|p1b: Kingambit|Sucker Punch||[still]\n|-fail|p1b: Kingambit\n|move|p2b: Torkoal|Eruption|p1b: Kingambit|[spread] p1a,p1b\n|-resisted|p1a: Talonflame\n|-supereffective|p1b: Kingambit\n|-damage|p1a: Talonflame|4\/100\n|-damage|p1b: Kingambit|0 fnt\n|faint|p1b: Kingambit\n|\n|-weather|SunnyDay|[upkeep]\n|upkeep\n|\n|t:|1683211517\n|switch|p1b: Garchomp|Garchomp, L50, M|100\/100\n|turn|3\n|\n|t:|1683211534\n|move|p1a: Talonflame|Feint|p2b: Torkoal\n|-damage|p2b: Torkoal|95\/100\n|move|p2b: Torkoal|Eruption|p1b: Garchomp|[spread] p1a,p1b\n|-resisted|p1a: Talonflame\n|-resisted|p1b: Garchomp\n|-damage|p1a: Talonflame|0 fnt\n|-damage|p1b: Garchomp|25\/100\n|faint|p1a: Talonflame\n|move|p2a: Wo-Chien|Leaf Storm|p1b: Garchomp\n|-damage|p1b: Garchomp|0 fnt\n|-unboost|p2a: Wo-Chien|spa|2\n|-enditem|p2a: Wo-Chien|Eject Pack\n|faint|p1b: Garchomp\n|\n|t:|1683211544\n|switch|p2a: Flutter Mane|Flutter Mane, L50|89\/100\n|-activate|p2a: Flutter Mane|ability: Protosynthesis\n|-start|p2a: Flutter Mane|protosynthesisspa\n|\n|-weather|SunnyDay|[upkeep]\n|upkeep\n|\n|t:|1683211547\n|switch|p1b: Flutter Mane|Flutter Mane, L50, tera:Fairy|100\/100\n|-activate|p1b: Flutter Mane|ability: Protosynthesis\n|-start|p1b: Flutter Mane|protosynthesisspe\n|turn|4\n|-message|Goldeen Knights forfeited.\n|\n|win|ArchAvenger\n|raw|Goldeen Knights's rating: 1338 → 1320<\/strong> (-18 for losing)\n|raw|ArchAvenger's rating: 1371 → 1389<\/strong> (+18 for winning)\n|l|\u2606Goldeen Knights\n","uploadtime":1683211559,"views":15,"p1id":"goldeenknights","p2id":"archavenger","formatid":"gen9vgc2023regulationc","rating":1320,"private":0,"password":""}