{"id":"gen9vgc2023regulationc-1857904943","p1":"Steakman5","p2":"Ba bochi","format":"[Gen 9] VGC 2023 Regulation C","log":"|j|\u2606Steakman5\n|j|\u2606Ba bochi\n|t:|1683245504\n|gametype|doubles\n|player|p1|Steakman5|swimmer-gen4|1053\n|player|p2|Ba bochi|volkner|1000\n|teamsize|p1|6\n|teamsize|p2|4\n|gen|9\n|tier|[Gen 9] VGC 2023 Regulation C\n|rated|\n|rule|Species Clause: Limit one of each Pok\u00e9mon\n|rule|Item Clause: Limit one of each item\n|clearpoke\n|poke|p1|Flutter Mane, L50|\n|poke|p1|Altaria, L50, M|\n|poke|p1|Amoonguss, L50, F|\n|poke|p1|Dragonite, L50, F|\n|poke|p1|Chien-Pao, L50|\n|poke|p1|Ceruledge, L50, F|\n|poke|p2|Luxray, L50, F|\n|poke|p2|Iron Thorns, L50|\n|poke|p2|Jolteon, L50, F|\n|poke|p2|Pincurchin, L50, M|\n|teampreview|4\n|\n|t:|1683245531\n|start\n|switch|p1a: Ceruledge|Ceruledge, L50, F|100\/100\n|switch|p1b: Amoonguss|Amoonguss, L50, F|100\/100\n|switch|p2a: Pincurchin|Pincurchin, L50, M|100\/100\n|switch|p2b: Iron Thorns|Iron Thorns, L50|100\/100\n|-fieldstart|move: Electric Terrain|[from] ability: Electric Surge|[of] p2a: Pincurchin\n|-activate|p2b: Iron Thorns|ability: Quark Drive\n|-start|p2b: Iron Thorns|quarkdriveatk\n|-enditem|p2a: Pincurchin|Electric Seed\n|-boost|p2a: Pincurchin|def|1|[from] item: Electric Seed\n|turn|1\n|inactive|Battle timer is ON: inactive players will automatically lose when time's up. (requested by Steakman5)\n|\n|t:|1683245554\n|-terastallize|p1a: Ceruledge|Grass\n|move|p1b: Amoonguss|Rage Powder|p1b: Amoonguss\n|-singleturn|p1b: Amoonguss|move: Rage Powder\n|move|p1a: Ceruledge|Bitter Blade|p2a: Pincurchin\n|-damage|p2a: Pincurchin|66\/100\n|move|p2b: Iron Thorns|Dragon Dance|p2b: Iron Thorns\n|-boost|p2b: Iron Thorns|atk|1\n|-boost|p2b: Iron Thorns|spe|1\n|move|p2a: Pincurchin|Acupressure|p2b: Iron Thorns\n|-boost|p2b: Iron Thorns|accuracy|2\n|\n|upkeep\n|turn|2\n|inactive|Ba bochi has 30 seconds left.\n|inactive|Ba bochi has 20 seconds left.\n|inactive|Ba bochi has 15 seconds left.\n|\n|t:|1683245599\n|-terastallize|p2b: Iron Thorns|Fire\n|move|p1a: Ceruledge|Protect|p1a: Ceruledge\n|-singleturn|p1a: Ceruledge|Protect\n|move|p2b: Iron Thorns|Dragon Dance|p2b: Iron Thorns\n|-boost|p2b: Iron Thorns|atk|1\n|-boost|p2b: Iron Thorns|spe|1\n|move|p1b: Amoonguss|Clear Smog|p2b: Iron Thorns\n|-damage|p2b: Iron Thorns|84\/100\n|-clearboost|p2b: Iron Thorns\n|move|p2a: Pincurchin|Acupressure|p2b: Iron Thorns\n|-boost|p2b: Iron Thorns|accuracy|2\n|\n|upkeep\n|turn|3\n|inactive|Ba bochi has 30 seconds left.\n|\n|t:|1683245631\n|move|p1a: Ceruledge|Bitter Blade|p2a: Pincurchin\n|-damage|p2a: Pincurchin|32\/100\n|move|p2b: Iron Thorns|Fire Punch|p1a: Ceruledge\n|-start|p1a: Ceruledge|ability: Flash Fire\n|move|p1b: Amoonguss|Clear Smog|p2b: Iron Thorns\n|-damage|p2b: Iron Thorns|67\/100\n|-clearboost|p2b: Iron Thorns\n|move|p2a: Pincurchin|Acupressure|p2b: Iron Thorns\n|-boost|p2b: Iron Thorns|accuracy|2\n|\n|upkeep\n|turn|4\n|-message|Ba bochi forfeited.\n|\n|win|Steakman5\n|raw|Steakman5's rating: 1053 → 1080<\/strong> (+27 for winning)\n|raw|Ba bochi's rating: 1000 → 1000<\/strong> (+0 for losing)\n|l|\u2606Ba bochi\n","uploadtime":1683245650,"views":6,"p1id":"steakman5","p2id":"babochi","formatid":"gen9vgc2023regulationc","rating":1000,"private":0,"password":""}