{"id":"gen9vgc2023regulationc-1851710913","p1":"MLGmushroom","p2":"dazhukui233","format":"[Gen 9] VGC 2023 Regulation C","log":"|j|\u2606MLGmushroom\n|j|\u2606dazhukui233\n|t:|1682472872\n|gametype|doubles\n|player|p1|MLGmushroom|blue|1346\n|player|p2|dazhukui233|265|1434\n|teamsize|p1|6\n|teamsize|p2|6\n|gen|9\n|tier|[Gen 9] VGC 2023 Regulation C\n|rated|\n|rule|Species Clause: Limit one of each Pok\u00e9mon\n|rule|Item Clause: Limit one of each item\n|clearpoke\n|poke|p1|Chien-Pao, L50|\n|poke|p1|Roaring Moon, L50|\n|poke|p1|Flutter Mane, L50|\n|poke|p1|Amoonguss, L50, M|\n|poke|p1|Gyarados, L50, F|\n|poke|p1|Scizor, L50, F|\n|poke|p2|Abomasnow, L50, M|\n|poke|p2|Cetitan, L50, M|\n|poke|p2|Maushold-Four, L50|\n|poke|p2|Glimmora, L50, M|\n|poke|p2|Flutter Mane, L50|\n|poke|p2|Roaring Moon, L50|\n|teampreview|4\n|\n|t:|1682472893\n|start\n|switch|p1a: Scizor|Scizor, L50, F|100\/100\n|switch|p1b: Chien-Pao|Chien-Pao, L50|100\/100\n|switch|p2a: Cetitan|Cetitan, L50, M|100\/100\n|switch|p2b: Maushold|Maushold-Four, L50|100\/100\n|-ability|p1b: Chien-Pao|Sword of Ruin\n|turn|1\n|inactive|Battle timer is ON: inactive players will automatically lose when time's up. (requested by dazhukui233)\n|\n|t:|1682472921\n|move|p1b: Chien-Pao|Sacred Sword|p2b: Maushold\n|-supereffective|p2b: Maushold\n|-damage|p2b: Maushold|0 fnt\n|-damage|p1b: Chien-Pao|84\/100|[from] item: Rocky Helmet|[of] p2b: Maushold\n|faint|p2b: Maushold\n|move|p2a: Cetitan|Belly Drum|p2a: Cetitan\n|-damage|p2a: Cetitan|50\/100\n|-setboost|p2a: Cetitan|atk|6|[from] move: Belly Drum\n|-enditem|p2a: Cetitan|Sitrus Berry|[eat]\n|-heal|p2a: Cetitan|75\/100|[from] item: Sitrus Berry\n|move|p1a: Scizor|Close Combat|p2a: Cetitan\n|-supereffective|p2a: Cetitan\n|-damage|p2a: Cetitan|0 fnt\n|-unboost|p1a: Scizor|def|1\n|-unboost|p1a: Scizor|spd|1\n|faint|p2a: Cetitan\n|\n|upkeep\n|-message|dazhukui233 forfeited.\n|\n|win|MLGmushroom\n|raw|MLGmushroom's rating: 1346 → 1371<\/strong> (+25 for winning)\n|raw|dazhukui233's rating: 1434 → 1409<\/strong> (-25 for losing)\n|l|\u2606dazhukui233\n","uploadtime":1682472944,"views":10,"p1id":"mlgmushroom","p2id":"dazhukui233","formatid":"gen9vgc2023regulationc","rating":1371,"private":0,"password":""}