{"id":"gen9vgc2023regulationc-1848802615","p1":"Flutterhawk","p2":"juns92","format":"[Gen 9] VGC 2023 Regulation C","log":"|j|\u2606Flutterhawk\n|j|\u2606juns92\n|t:|1682111971\n|gametype|doubles\n|player|p1|Flutterhawk|pokekid|1053\n|player|p2|juns92|hugh|1029\n|teamsize|p1|6\n|teamsize|p2|6\n|gen|9\n|tier|[Gen 9] VGC 2023 Regulation C\n|rated|\n|rule|Species Clause: Limit one of each Pok\u00e9mon\n|rule|Item Clause: Limit one of each item\n|clearpoke\n|poke|p1|Meowscarada, L50, F|\n|poke|p1|Palafin, L50, F|\n|poke|p1|Dragapult, L50, M|\n|poke|p1|Armarouge, L50, F|\n|poke|p1|Ting-Lu, L50|\n|poke|p1|Toedscruel, L50, M|\n|poke|p2|Meowscarada, L50, F|\n|poke|p2|Dragalge, L50, M|\n|poke|p2|Gastrodon, L50, M|\n|poke|p2|Scizor, L50, M|\n|poke|p2|Arcanine, L50, M|\n|poke|p2|Roaring Moon, L50|\n|teampreview|4\n|inactive|Battle timer is ON: inactive players will automatically lose when time's up. (requested by juns92)\n|inactive|Flutterhawk has 60 seconds left.\n|\n|t:|1682112061\n|start\n|switch|p1a: Lockheed|Dragapult, L50, M|100\/100\n|switch|p1b: Azula|Armarouge, L50, F|100\/100\n|switch|p2a: Meowscarada|Meowscarada, L50, F|100\/100\n|switch|p2b: Scizor|Scizor, L50, M|100\/100\n|turn|1\n|\n|t:|1682112081\n|move|p2b: Scizor|Bullet Punch|p1a: Lockheed\n|-damage|p1a: Lockheed|34\/100\n|move|p2a: Meowscarada|Play Rough|p1a: Lockheed\n|-start|p2a: Meowscarada|typechange|Fairy|[from] ability: Protean\n|-supereffective|p1a: Lockheed\n|-damage|p1a: Lockheed|0 fnt\n|faint|p1a: Lockheed\n|move|p1b: Azula|Armor Cannon|p2b: Scizor\n|-supereffective|p2b: Scizor\n|-damage|p2b: Scizor|0 fnt\n|-unboost|p1b: Azula|def|1\n|-unboost|p1b: Azula|spd|1\n|faint|p2b: Scizor\n|\n|upkeep\n|\n|t:|1682112105\n|switch|p1a: Alaska|Ting-Lu, L50|100\/100\n|switch|p2b: Gastrodon|Gastrodon, L50, M|100\/100\n|-ability|p1a: Alaska|Vessel of Ruin\n|turn|2\n|inactive|Flutterhawk has 30 seconds left.\n|inactive|Flutterhawk has 20 seconds left.\n|\n|t:|1682112141\n|switch|p2a: Dragalge|Dragalge, L50, M|100\/100\n|-terastallize|p1b: Azula|Grass\n|move|p1a: Alaska|Protect|p1a: Alaska\n|-singleturn|p1a: Alaska|Protect\n|move|p1b: Azula|Energy Ball|p2b: Gastrodon\n|-supereffective|p2b: Gastrodon\n|-damage|p2b: Gastrodon|0 fnt\n|faint|p2b: Gastrodon\n|\n|upkeep\n|\n|t:|1682112161\n|switch|p2b: Meowscarada|Meowscarada, L50, F|100\/100\n|turn|3\n|inactive|Flutterhawk has 30 seconds left.\n|inactive|Flutterhawk has 20 seconds left.\n|inactive|Flutterhawk has 15 seconds left.\n|inactive|juns92 has 30 seconds left.\n|inactive|Flutterhawk has 10 seconds left.\n|inactive|Flutterhawk has 5 seconds left.\n|\n|t:|1682112215\n|move|p2b: Meowscarada|Flower Trick|p1a: Alaska\n|-start|p2b: Meowscarada|typechange|Grass|[from] ability: Protean\n|-supereffective|p1a: Alaska\n|-crit|p1a: Alaska\n|-damage|p1a: Alaska|46\/100\n|move|p1b: Azula|Armor Cannon|p2b: Meowscarada\n|-supereffective|p2b: Meowscarada\n|-damage|p2b: Meowscarada|0 fnt\n|-unboost|p1b: Azula|def|1\n|-unboost|p1b: Azula|spd|1\n|faint|p2b: Meowscarada\n|move|p1a: Alaska|Heavy Slam|p2a: Dragalge\n|-damage|p2a: Dragalge|53\/100\n|move|p2a: Dragalge|Sludge Bomb|p1b: Azula\n|-supereffective|p1b: Azula\n|-damage|p1b: Azula|0 fnt\n|faint|p1b: Azula\n|\n|-heal|p1a: Alaska|52\/100|[from] item: Leftovers\n|upkeep\n|\n|t:|1682112237\n|switch|p1b: Alice|Meowscarada, L50, F|100\/100\n|turn|4\n|inactive|Flutterhawk has 30 seconds left.\n|inactive|juns92 has 30 seconds left.\n|inactive|Flutterhawk has 20 seconds left.\n|inactive|juns92 has 20 seconds left.\n|inactive|Flutterhawk has 15 seconds left.\n|inactive|juns92 has 15 seconds left.\n|inactive|Flutterhawk has 10 seconds left.\n|\n|t:|1682112287\n|-terastallize|p2a: Dragalge|Steel\n|move|p1b: Alice|Sucker Punch|p2a: Dragalge\n|-start|p1b: Alice|typechange|Dark|[from] ability: Protean\n|-damage|p2a: Dragalge|18\/100\n|move|p1a: Alaska|Fissure|p2a: Dragalge\n|-damage|p2a: Dragalge|0 fnt\n|faint|p2a: Dragalge\n|-ohko\n|\n|win|Flutterhawk\n|raw|Flutterhawk's rating: 1053 → 1083<\/strong> (+30 for winning)\n|raw|juns92's rating: 1029 → 1016<\/strong> (-13 for losing)\n|l|\u2606juns92\n","uploadtime":1682112305,"views":15,"p1id":"flutterhawk","p2id":"juns92","formatid":"gen9vgc2023regulationc","rating":1016,"private":0,"password":""}