{"id":"gen9vgc2023regulationc-1861211701","p1":"NeuroticTC","p2":"TypicalAndyy","format":"[Gen 9] VGC 2023 Regulation C","log":"|j|\u2606NeuroticTC\n|j|\u2606TypicalAndyy\n|t:|1683736263\n|gametype|doubles\n|player|p1|NeuroticTC|boarder|\n|player|p2|TypicalAndyy|169|\n|teamsize|p1|6\n|teamsize|p2|6\n|gen|9\n|tier|[Gen 9] VGC 2023 Regulation C\n|rated|Tournament battle\n|rule|Species Clause: Limit one of each Pok\u00e9mon\n|rule|Item Clause: Limit one of each item\n|clearpoke\n|poke|p1|Brute Bonnet, L50|\n|poke|p1|Murkrow, L50, M|\n|poke|p1|Farigiraf, L50, F|\n|poke|p1|Chi-Yu, L50|\n|poke|p1|Flutter Mane, L50|\n|poke|p1|Great Tusk, L50|\n|poke|p2|Dragapult, L50, M|\n|poke|p2|Glimmora, L50, F|\n|poke|p2|Chien-Pao, L50|\n|poke|p2|Iron Hands, L50|\n|poke|p2|Corviknight, L50, F|\n|poke|p2|Gastrodon-East, L50, F|\n|teampreview|4\n|raw| Open Team Sheet for NeuroticTC<\/summary>Brute Bonnet @ Loaded Dice Ability: Protosynthesis Level: 50 Tera Type: Dark - Spore - Rage Powder - Bullet Seed - Sucker Punch Murkrow (M) @ Eject Button Ability: Prankster Level: 50 Shiny: Yes Tera Type: Flying - Brave Bird - Tailwind - Haze - Sunny Day Farigiraf (F) @ Focus Sash Ability: Armor Tail Level: 50 Tera Type: Psychic - Hyper Voice - Psychic - Trick Room - Imprison Chi-Yu @ Life Orb Ability: Beads of Ruin Level: 50 Tera Type: Grass - Heat Wave - Protect - Tera Blast - Dark Pulse Flutter Mane @ Booster Energy Ability: Protosynthesis Level: 50 Tera Type: Fairy - Power Gem - Shadow Ball - Moonblast - Protect Great Tusk @ Choice Scarf Ability: Protosynthesis Level: 50 Tera Type: Steel - Close Combat - Headlong Rush - Rock Slide - Earthquake <\/details><\/div> Open Team Sheet for TypicalAndyy<\/summary>Dragapult (M) @ Choice Band Ability: Clear Body Level: 50 Shiny: Yes Tera Type: Fire - Tera Blast - Phantom Force - U-turn - Dragon Darts Glimmora @ Life Orb Ability: Toxic Debris Level: 50 Tera Type: Grass - Energy Ball - Power Gem - Spiky Shield - Sludge Wave Chien-Pao @ Focus Sash Ability: Sword of Ruin Level: 50 Tera Type: Ghost - Haze - Sucker Punch - Protect - Ice Spinner Iron Hands @ Assault Vest Ability: Quark Drive Level: 50 Tera Type: Water - Earthquake - Drain Punch - Fake Out - Wild Charge Corviknight (F) @ Safety Goggles Ability: Mirror Armor Level: 50 Shiny: Yes Tera Type: Dragon - Tailwind - Iron Head - Protect - Brave Bird Gastrodon (Gastrodon-East) (F) @ Leftovers Ability: Storm Drain Level: 50 Shiny: Yes Tera Type: Steel - Yawn - Earth Power - Protect - Muddy Water <\/details><\/div>\n|inactive|Battle timer is ON: inactive players will automatically lose when time's up. (requested by TypicalAndyy)\n|inactive|NeuroticTC has 60 seconds left.\n|\n|t:|1683736305\n|start\n|switch|p1a: Chi-Yu|Chi-Yu, L50|100\/100\n|switch|p1b: Flutter Mane|Flutter Mane, L50|100\/100\n|switch|p2a: Dragapult|Dragapult, L50, M, shiny|100\/100\n|switch|p2b: Chien-Pao|Chien-Pao, L50|100\/100\n|-ability|p2b: Chien-Pao|Sword of Ruin\n|-ability|p1a: Chi-Yu|Beads of Ruin\n|-enditem|p1b: Flutter Mane|Booster Energy\n|-activate|p1b: Flutter Mane|ability: Protosynthesis|[fromitem]\n|-start|p1b: Flutter Mane|protosynthesisspe\n|turn|1\n|inactive|TypicalAndyy has 30 seconds left.\n|j| LoafOfGodlyBread\n|\n|t:|1683736337\n|-terastallize|p2a: Dragapult|Fire\n|move|p1b: Flutter Mane|Protect|p1b: Flutter Mane\n|-singleturn|p1b: Flutter Mane|Protect\n|move|p1a: Chi-Yu|Protect|p1a: Chi-Yu\n|-singleturn|p1a: Chi-Yu|Protect\n|move|p2a: Dragapult|Dragon Darts|p1a: Chi-Yu\n|-activate|p1b: Flutter Mane|move: Protect\n|move|p2b: Chien-Pao|Ice Spinner|p1b: Flutter Mane\n|-activate|p1b: Flutter Mane|move: Protect\n|\n|upkeep\n|turn|2\n|l| LoafOfGodlyBread\n|\n|t:|1683736355\n|switch|p2a: Iron Hands|Iron Hands, L50|100\/100\n|move|p1b: Flutter Mane|Power Gem|p2a: Iron Hands\n|-resisted|p2a: Iron Hands\n|-damage|p2a: Iron Hands|90\/100\n|move|p2b: Chien-Pao|Ice Spinner|p1b: Flutter Mane\n|-damage|p1b: Flutter Mane|0 fnt\n|faint|p1b: Flutter Mane\n|-end|p1b: Flutter Mane|Protosynthesis|[silent]\n|move|p1a: Chi-Yu|Heat Wave|p2a: Iron Hands|[spread] p2a,p2b\n|-supereffective|p2b: Chien-Pao\n|-damage|p2a: Iron Hands|50\/100\n|-enditem|p2b: Chien-Pao|Focus Sash\n|-damage|p2b: Chien-Pao|1\/100\n|-status|p2b: Chien-Pao|brn\n|-damage|p1a: Chi-Yu|90\/100|[from] item: Life Orb\n|\n|-damage|p2b: Chien-Pao|0 fnt|[from] brn\n|faint|p2b: Chien-Pao\n|upkeep\n|\n|t:|1683736378\n|switch|p2b: Dragapult|Dragapult, L50, M, shiny, tera:Fire|100\/100\n|switch|p1b: Great Tusk|Great Tusk, L50|100\/100\n|turn|3\n|-message|TypicalAndyy forfeited.\n|\n|win|NeuroticTC\n|n|\u2606NeuroticTC|neurotictc\n|n|\u2606TypicalAndyy|typicalandyy\n|l|\u2606TypicalAndyy\n","uploadtime":1683736392,"views":7,"p1id":"neurotictc","p2id":"typicalandyy","formatid":"gen9vgc2023regulationc","rating":0,"private":0,"password":""}