{"id":"gen9vgc2023regulationc-1857578045","p1":"dada097","p2":"Determewnation","format":"[Gen 9] VGC 2023 Regulation C","log":"|j|\u2606dada097\n|j|\u2606Determewnation\n|t:|1683209931\n|gametype|doubles\n|player|p1|dada097|calem-masters|1297\n|player|p2|Determewnation|akari-isekai|1409\n|teamsize|p1|6\n|teamsize|p2|6\n|gen|9\n|tier|[Gen 9] VGC 2023 Regulation C\n|rated|\n|rule|Species Clause: Limit one of each Pok\u00e9mon\n|rule|Item Clause: Limit one of each item\n|clearpoke\n|poke|p1|Dragapult, L50, F|\n|poke|p1|Palafin, L50, M|\n|poke|p1|Scizor, L50, M|\n|poke|p1|Flutter Mane, L50|\n|poke|p1|Amoonguss, L50, M|\n|poke|p1|Gyarados, L50, M|\n|poke|p2|Goodra, L50, F|\n|poke|p2|Murkrow, L50, M|\n|poke|p2|Meowscarada, L50, M|\n|poke|p2|Gholdengo, L50|\n|poke|p2|Indeedee-F, L50, F|\n|poke|p2|Iron Treads, L50|\n|teampreview|4\n|inactive|Battle timer is ON: inactive players will automatically lose when time's up. (requested by dada097)\n|inactive|Determewnation has 60 seconds left.\n|\n|t:|1683209982\n|start\n|switch|p1a: Flutter Mane|Flutter Mane, L50|100\/100\n|switch|p1b: Scizor|Scizor, L50, M, shiny|100\/100\n|switch|p2a: Murkrow|Murkrow, L50, M|100\/100\n|switch|p2b: Meowscarada|Meowscarada, L50, M|100\/100\n|turn|1\n|inactive|dada097 has 30 seconds left.\n|\n|t:|1683210009\n|-terastallize|p1a: Flutter Mane|Fairy\n|move|p2a: Murkrow|Tailwind|p2a: Murkrow\n|-sidestart|p2: Determewnation|move: Tailwind\n|move|p2b: Meowscarada|Play Rough|p1a: Flutter Mane\n|-start|p2b: Meowscarada|typechange|Fairy|[from] ability: Protean\n|-damage|p1a: Flutter Mane|0 fnt\n|faint|p1a: Flutter Mane\n|-end|p1a: Flutter Mane|Protosynthesis|[silent]\n|move|p1b: Scizor|Pounce|p2b: Meowscarada\n|-resisted|p2b: Meowscarada\n|-damage|p2b: Meowscarada|65\/100\n|-unboost|p2b: Meowscarada|spe|1\n|\n|upkeep\n|\n|t:|1683210019\n|switch|p1a: Dragapult|Dragapult, L50, F, shiny|100\/100\n|turn|2\n|\n|t:|1683210023\n|switch|p2b: Indeedee|Indeedee-F, L50, F|100\/100\n|-fieldstart|move: Psychic Terrain|[from] ability: Psychic Surge|[of] p2b: Indeedee\n|-enditem|p2b: Indeedee|Psychic Seed\n|-boost|p2b: Indeedee|spd|1|[from] item: Psychic Seed\n|move|p1b: Scizor|Bullet Punch|p2b: Indeedee\n|-activate|p2b: Indeedee|move: Psychic Terrain\n|move|p2a: Murkrow|Foul Play|p1a: Dragapult\n|-supereffective|p1a: Dragapult\n|-damage|p1a: Dragapult|0 fnt\n|faint|p1a: Dragapult\n|\n|upkeep\n|-message|dada097 forfeited.\n|\n|win|Determewnation\n|raw|dada097's rating: 1297 → 1280<\/strong> (-17 for losing)\n|raw|Determewnation's rating: 1409 → 1423<\/strong> (+14 for winning)\n|l|\u2606dada097\n","uploadtime":1683210036,"views":4,"p1id":"dada097","p2id":"determewnation","formatid":"gen9vgc2023regulationc","rating":1280,"private":0,"password":""}