{"id":"gen9vgc2023regulationc-1852676974","p1":"Aperol Spinda","p2":"StalllPlayer","format":"[Gen 9] VGC 2023 Regulation C","log":"|j|\u2606Aperol Spinda\n|j|\u2606StalllPlayer\n|t:|1682595085\n|gametype|doubles\n|player|p1|Aperol Spinda|clair|1130\n|player|p2|StalllPlayer|2|1044\n|teamsize|p1|6\n|teamsize|p2|6\n|gen|9\n|tier|[Gen 9] VGC 2023 Regulation C\n|rated|\n|rule|Species Clause: Limit one of each Pok\u00e9mon\n|rule|Item Clause: Limit one of each item\n|clearpoke\n|poke|p1|Fletchling, L50, M|\n|poke|p1|Noivern, L50, M|\n|poke|p1|Chi-Yu, L50|\n|poke|p1|Flutter Mane, L50|\n|poke|p1|Toxapex, L50, M|\n|poke|p1|Sawsbuck-Autumn, L50, M|\n|poke|p2|Pelipper, L50, M|\n|poke|p2|Palafin, L50, M|\n|poke|p2|Floatzel, L50, M|\n|poke|p2|Iron Bundle, L50|\n|poke|p2|Amoonguss, L50, F|\n|poke|p2|Kingambit, L50, M|\n|teampreview|4\n|inactive|Battle timer is ON: inactive players will automatically lose when time's up. (requested by StalllPlayer)\n|\n|t:|1682595119\n|start\n|switch|p1a: Fletchling|Fletchling, L50, M, shiny|100\/100\n|switch|p1b: Noivern|Noivern, L50, M|100\/100\n|switch|p2a: Pelipper|Pelipper, L50, M|100\/100\n|switch|p2b: Palafin|Palafin, L50, M|100\/100\n|-weather|RainDance|[from] ability: Drizzle|[of] p2a: Pelipper\n|turn|1\n|inactive|Aperol Spinda has 30 seconds left.\n|inactive|Aperol Spinda has 20 seconds left.\n|\n|t:|1682595158\n|move|p2b: Palafin|Protect|p2b: Palafin\n|-singleturn|p2b: Palafin|Protect\n|move|p1a: Fletchling|Tailwind|p1a: Fletchling\n|-sidestart|p1: Aperol Spinda|move: Tailwind\n|move|p1b: Noivern|Hurricane|p2a: Pelipper\n|-damage|p2a: Pelipper|0 fnt\n|faint|p2a: Pelipper\n|\n|-weather|RainDance|[upkeep]\n|upkeep\n|-message|StalllPlayer forfeited.\n|\n|win|Aperol Spinda\n|raw|Aperol Spinda's rating: 1130 → 1149<\/strong> (+19 for winning)\n|raw|StalllPlayer's rating: 1044 → 1031<\/strong> (-13 for losing)\n|l|\u2606StalllPlayer\n","uploadtime":1682595172,"views":14,"p1id":"aperolspinda","p2id":"stalllplayer","formatid":"gen9vgc2023regulationc","rating":1031,"private":0,"password":""}