{"id":"gen9vgc2023regulationc-1857779719","p1":"BalloonPT","p2":"seismattersCORNER","format":"[Gen 9] VGC 2023 Regulation C","log":"|j|\u2606BalloonPT\n|j|\u2606seismattersCORNER\n|t:|1683230972\n|gametype|doubles\n|player|p1|BalloonPT|medium|1064\n|player|p2|seismattersCORNER|emmet|1027\n|teamsize|p1|6\n|teamsize|p2|6\n|gen|9\n|tier|[Gen 9] VGC 2023 Regulation C\n|rated|\n|rule|Species Clause: Limit one of each Pok\u00e9mon\n|rule|Item Clause: Limit one of each item\n|clearpoke\n|poke|p1|Indeedee-F, L50, F|\n|poke|p1|Armarouge, L50, M|\n|poke|p1|Hydreigon, L50, M|\n|poke|p1|Torkoal, L50, M|\n|poke|p1|Scovillain, L50, M|\n|poke|p1|Ting-Lu, L50|\n|poke|p2|Palafin, L50, F|\n|poke|p2|Arcanine, L50, M|\n|poke|p2|Amoonguss, L50, F|\n|poke|p2|Flutter Mane, L50|\n|poke|p2|Baxcalibur, L50, M|\n|poke|p2|Kingambit, L50, F|\n|teampreview|4\nseismattersCORNER has agreed to open team sheets.\n|inactive|Battle timer is ON: inactive players will automatically lose when time's up. (requested by seismattersCORNER)\n|c|\u2606BalloonPT|gg u win very creative team\n|inactive|seismattersCORNER has 60 seconds left.\n|\n|t:|1683231030\n|start\n|switch|p1a: Torkoal|Torkoal, L50, M|100\/100\n|switch|p1b: Scovillain|Scovillain, L50, M|100\/100\n|switch|p2a: Flutter Mane|Flutter Mane, L50, shiny|100\/100\n|switch|p2b: Kingambit|Kingambit, L50, F|100\/100\n|-weather|SunnyDay|[from] ability: Drought|[of] p1a: Torkoal\n|-activate|p2a: Flutter Mane|ability: Protosynthesis\n|-start|p2a: Flutter Mane|protosynthesisspa\n|turn|1\n|inactive|BalloonPT has 30 seconds left.\n|inactive|seismattersCORNER has 30 seconds left.\n|\n|t:|1683231063\n|switch|p2b: Arcanine|Arcanine, L50, M|100\/100\n|-ability|p2b: Arcanine|Intimidate|boost\n|-unboost|p1a: Torkoal|atk|1\n|-unboost|p1b: Scovillain|atk|1\n|move|p2a: Flutter Mane|Protect|p2a: Flutter Mane\n|-singleturn|p2a: Flutter Mane|Protect\n|move|p1b: Scovillain|Leech Seed|p2a: Flutter Mane\n|-activate|p2a: Flutter Mane|move: Protect\n|move|p1a: Torkoal|Flamethrower|p2b: Arcanine\n|-resisted|p2b: Arcanine\n|-damage|p2b: Arcanine|62\/100\n|\n|-weather|SunnyDay|[upkeep]\n|upkeep\n|turn|2\n|\n|t:|1683231079\n|move|p1b: Scovillain|Leech Seed|p2a: Flutter Mane\n|-start|p2a: Flutter Mane|move: Leech Seed\n|move|p2a: Flutter Mane|Shadow Ball|p1a: Torkoal\n|-damage|p1a: Torkoal|20\/100\n|move|p2b: Arcanine|Flare Blitz|p1b: Scovillain\n|-enditem|p1b: Scovillain|Focus Sash\n|-damage|p1b: Scovillain|1\/100\n|-damage|p2b: Arcanine|37\/100|[from] Recoil\n|move|p1a: Torkoal|Earth Power|p2b: Arcanine\n|-supereffective|p2b: Arcanine\n|-damage|p2b: Arcanine|0 fnt\n|faint|p2b: Arcanine\n|\n|-weather|SunnyDay|[upkeep]\n|-damage|p2a: Flutter Mane|88\/100|[from] Leech Seed|[of] p1b: Scovillain\n|-heal|p1b: Scovillain|13\/100|[silent]\n|upkeep\n|\n|t:|1683231096\n|switch|p2b: Baxcalibur|Baxcalibur, L50, M|100\/100\n|turn|3\n|inactive|BalloonPT has 30 seconds left.\n|inactive|BalloonPT has 20 seconds left.\n|inactive|BalloonPT has 15 seconds left.\n|\n|t:|1683231139\n|move|p2b: Baxcalibur|Ice Shard|p1b: Scovillain\n|-damage|p1b: Scovillain|0 fnt\n|faint|p1b: Scovillain\n|move|p2a: Flutter Mane|Shadow Ball|p1a: Torkoal\n|-damage|p1a: Torkoal|0 fnt\n|faint|p1a: Torkoal\n|\n|-weather|SunnyDay|[upkeep]\n|upkeep\n|\n|t:|1683231147\n|switch|p1b: Hydreigon|Hydreigon, L50, M|100\/100\n|switch|p1a: Indeedee|Indeedee-F, L50, F|100\/100\n|-fieldstart|move: Psychic Terrain|[from] ability: Psychic Surge|[of] p1a: Indeedee\n|-enditem|p1a: Indeedee|Psychic Seed\n|-boost|p1a: Indeedee|spd|1|[from] item: Psychic Seed\n|turn|4\n|c|\u2606BalloonPT|gg\n|-message|BalloonPT forfeited.\n|\n|win|seismattersCORNER\n|raw|BalloonPT's rating: 1064 → 1042<\/strong> (-22 for losing)\n|raw|seismattersCORNER's rating: 1027 → 1067<\/strong> (+40 for winning)\n|l|\u2606BalloonPT\n","uploadtime":1683231162,"views":9,"p1id":"balloonpt","p2id":"seismatterscorner","formatid":"gen9vgc2023regulationc","rating":1042,"private":0,"password":""}