{"id":"gen9vgc2023regulationc-1853154962","p1":"LosRamirez","p2":"BroDontFuckWithMe","format":"[Gen 9] VGC 2023 Regulation C","log":"|j|\u2606LosRamirez\n|j|\u2606BroDontFuckWithMe\n|t:|1682641889\n|gametype|doubles\n|player|p1|LosRamirez|kabu|1507\n|player|p2|BroDontFuckWithMe|169|1571\n|teamsize|p1|6\n|teamsize|p2|6\n|gen|9\n|tier|[Gen 9] VGC 2023 Regulation C\n|rated|\n|rule|Species Clause: Limit one of each Pok\u00e9mon\n|rule|Item Clause: Limit one of each item\n|clearpoke\n|poke|p1|Indeedee-F, L50, F|\n|poke|p1|Iron Hands, L50|\n|poke|p1|Gyarados, L50, F|\n|poke|p1|Ting-Lu, L50|\n|poke|p1|Flutter Mane, L50|\n|poke|p1|Orthworm, L50, M|\n|poke|p2|Great Tusk, L50|\n|poke|p2|Amoonguss, L50, F|\n|poke|p2|Tyranitar, L50, M|\n|poke|p2|Iron Bundle, L50|\n|poke|p2|Talonflame, L50, M|\n|poke|p2|Gholdengo, L50|\n|teampreview|4\nLosRamirez has agreed to open team sheets.\nBroDontFuckWithMe has agreed to open team sheets.\n|inactive|Battle timer is ON: inactive players will automatically lose when time's up. (requested by BroDontFuckWithMe)\n|\n|t:|1682641938\n|start\n|switch|p1a: Ting-Lu|Ting-Lu, L50|100\/100\n|switch|p1b: Orthworm|Orthworm, L50, M|100\/100\n|switch|p2a: Iron Bundle|Iron Bundle, L50|100\/100\n|switch|p2b: Gholdengo|Gholdengo, L50|100\/100\n|-ability|p1a: Ting-Lu|Vessel of Ruin\n|-enditem|p2a: Iron Bundle|Booster Energy\n|-activate|p2a: Iron Bundle|ability: Quark Drive|[fromitem]\n|-start|p2a: Iron Bundle|quarkdrivespe\n|turn|1\n|\n|t:|1682641962\n|-terastallize|p2b: Gholdengo|Water\n|move|p2a: Iron Bundle|Hydro Pump|p1b: Orthworm|[miss]\n|-miss|p2a: Iron Bundle|p1b: Orthworm\n|move|p2b: Gholdengo|Nasty Plot|p2b: Gholdengo\n|-boost|p2b: Gholdengo|spa|2\n|move|p1b: Orthworm|Heavy Slam|p2a: Iron Bundle\n|-damage|p2a: Iron Bundle|56\/100\n|move|p1a: Ting-Lu|Earthquake|p2b: Gholdengo|[spread] p2a,p2b\n|-immune|p1b: Orthworm|[from] ability: Earth Eater\n|-damage|p2a: Iron Bundle|0 fnt\n|-damage|p2b: Gholdengo|40\/100\n|faint|p2a: Iron Bundle\n|-end|p2a: Iron Bundle|Quark Drive|[silent]\n|\n|-heal|p2b: Gholdengo|46\/100|[from] item: Leftovers\n|upkeep\n|\n|t:|1682641979\n|switch|p2a: Great Tusk|Great Tusk, L50|100\/100\n|turn|2\n|\n|t:|1682641999\n|switch|p1b: Gyarados|Gyarados, L50, F|100\/100\n|-ability|p1b: Gyarados|Intimidate|boost\n|-unboost|p2a: Great Tusk|atk|1\n|-unboost|p2b: Gholdengo|atk|1\n|-terastallize|p1a: Ting-Lu|Fire\n|move|p2a: Great Tusk|Close Combat|p1a: Ting-Lu\n|-damage|p1a: Ting-Lu|76\/100\n|-unboost|p2a: Great Tusk|def|1\n|-unboost|p2a: Great Tusk|spd|1\n|move|p2b: Gholdengo|Make It Rain|p1a: Ting-Lu|[spread] p1a,p1b\n|-resisted|p1a: Ting-Lu\n|-resisted|p1b: Gyarados\n|-damage|p1a: Ting-Lu|44\/100\n|-damage|p1b: Gyarados|68\/100\n|-unboost|p2b: Gholdengo|spa|1\n|move|p1a: Ting-Lu|Earthquake|p2a: Great Tusk|[spread] p2a,p2b\n|-immune|p1b: Gyarados\n|-damage|p2a: Great Tusk|37\/100\n|-damage|p2b: Gholdengo|0 fnt\n|faint|p2b: Gholdengo\n|\n|upkeep\n|j| Winnethepooh\n|-message|BroDontFuckWithMe forfeited.\n|\n|win|LosRamirez\n|raw|LosRamirez's rating: 1507 → 1531<\/strong> (+24 for winning)\n|raw|BroDontFuckWithMe's rating: 1571 → 1547<\/strong> (-24 for losing)\n|l|\u2606BroDontFuckWithMe\n|j| carlospvn\n|l|\u2606LosRamirez\n","uploadtime":1682642091,"views":5,"p1id":"losramirez","p2id":"brodontfuckwithme","formatid":"gen9vgc2023regulationc","rating":1531,"private":0,"password":""}