{"id":"gen9vgc2023regulationc-1850655654","p1":"Idk544","p2":"Nalakihn","format":"[Gen 9] VGC 2023 Regulation C","log":"|j|\u2606Idk544\n|j|\u2606Nalakihn\n|t:|1682356544\n|gametype|doubles\n|player|p1|Idk544|silver|1335\n|player|p2|Nalakihn|169|1352\n|teamsize|p1|6\n|teamsize|p2|6\n|gen|9\n|tier|[Gen 9] VGC 2023 Regulation C\n|rated|\n|rule|Species Clause: Limit one of each Pok\u00e9mon\n|rule|Item Clause: Limit one of each item\n|clearpoke\n|poke|p1|Orthworm, L50, M|\n|poke|p1|Iron Hands, L50|\n|poke|p1|Flutter Mane, L50|\n|poke|p1|Gholdengo, L50|\n|poke|p1|Gyarados, L50, M|\n|poke|p1|Ting-Lu, L50|\n|poke|p2|Luxray, L50, M|\n|poke|p2|Gallade, L50, M|\n|poke|p2|Weavile, L50, M|\n|poke|p2|Dragonite, L50, M|\n|poke|p2|Sylveon, L50, F|\n|poke|p2|Lucario, L50, M|\n|teampreview|4\nIdk544 has agreed to open team sheets.\nNalakihn rejected open team sheets.\n|\n|t:|1682356599\n|start\n|switch|p1a: Orthworm|Orthworm, L50, M|100\/100\n|switch|p1b: Iron Hands|Iron Hands, L50|100\/100\n|switch|p2a: Dragonite|Dragonite, L50, M|100\/100\n|switch|p2b: Lucario|Lucario, L50, M|100\/100\n|turn|1\n|inactive|Battle timer is ON: inactive players will automatically lose when time's up. (requested by Nalakihn)\n|\n|t:|1682356624\n|-terastallize|p2a: Dragonite|Normal\n|-terastallize|p1a: Orthworm|Dragon\n|move|p2b: Lucario|Extreme Speed|p1b: Iron Hands\n|-damage|p1b: Iron Hands|79\/100\n|-damage|p2b: Lucario|90\/100|[from] item: Life Orb\n|move|p2a: Dragonite|Extreme Speed|p1b: Iron Hands\n|-damage|p1b: Iron Hands|37\/100\n|move|p1a: Orthworm|Shed Tail|p1a: Orthworm\n|-start|p1a: Orthworm|Substitute|[from] move: Shed Tail\n|-damage|p1a: Orthworm|50\/100\n|-enditem|p1a: Orthworm|Sitrus Berry|[eat]\n|-heal|p1a: Orthworm|75\/100|[from] item: Sitrus Berry\n|\n|t:|1682356647\n|switch|p1a: Gholdengo|Gholdengo, L50|100\/100|[from] Shed Tail\n|move|p1b: Iron Hands|Drain Punch|p2b: Lucario\n|-supereffective|p2b: Lucario\n|-damage|p2b: Lucario|0 fnt\n|-heal|p1b: Iron Hands|65\/100|[from] drain|[of] p2b: Lucario\n|faint|p2b: Lucario\n|\n|upkeep\n|\n|t:|1682356659\n|switch|p2b: Gallade|Gallade, L50, M|100\/100\n|turn|2\n|\n|t:|1682356680\n|move|p2a: Dragonite|Extreme Speed|p1b: Iron Hands\n|-damage|p1b: Iron Hands|21\/100\n|move|p2b: Gallade|Psycho Cut|p1a: Gholdengo\n|-resisted|p1a: Gholdengo\n|-end|p1a: Gholdengo|Substitute\n|move|p1a: Gholdengo|Nasty Plot|p1a: Gholdengo\n|-boost|p1a: Gholdengo|spa|2\n|move|p1b: Iron Hands|Volt Switch|p2a: Dragonite\n|-damage|p2a: Dragonite|88\/100\n|\n|t:|1682356697\n|-end|p1b: Iron Hands|Quark Drive|[silent]\n|switch|p1b: Flutter Mane|Flutter Mane, L50|100\/100|[from] Volt Switch\n|\n|upkeep\n|turn|3\n|l|\u2606Nalakihn\n|inactive|Nalakihn disconnected and has a minute to reconnect!\n|player|p2|\n|inactive|Nalakihn has 30 seconds left.\n|inactive|Nalakihn has 20 seconds left.\n|inactive|Nalakihn has 15 seconds left.\n|inactive|Nalakihn has 10 seconds left.\n|inactive|Nalakihn has 5 seconds left.\n|-message|Nalakihn lost due to inactivity.\n|\n|win|Idk544\n|raw|Idk544's rating: 1335 → 1356<\/strong> (+21 for winning)\n|raw|Nalakihn's rating: 1352 → 1331<\/strong> (-21 for losing)\n","uploadtime":1682356757,"views":11,"p1id":"idk544","p2id":"nalakihn","formatid":"gen9vgc2023regulationc","rating":1331,"private":0,"password":""}