{"id":"gen9vgc2023regulationc-1854944074","p1":"YveltalAllegations","p2":"AttackDos","format":"[Gen 9] VGC 2023 Regulation C","log":"|j|\u2606YveltalAllegations\n|j|\u2606AttackDos\n|t:|1682883463\n|gametype|doubles\n|player|p1|YveltalAllegations|brycenman|1241\n|player|p2|AttackDos|chuck|1255\n|teamsize|p1|6\n|teamsize|p2|6\n|gen|9\n|tier|[Gen 9] VGC 2023 Regulation C\n|rated|\n|rule|Species Clause: Limit one of each Pok\u00e9mon\n|rule|Item Clause: Limit one of each item\n|clearpoke\n|poke|p1|Flutter Mane, L50|\n|poke|p1|Ting-Lu, L50|\n|poke|p1|Gyarados, L50, F|\n|poke|p1|Baxcalibur, L50, M|\n|poke|p1|Oinkologne, L50, M|\n|poke|p1|Brute Bonnet, L50|\n|poke|p2|Annihilape, L50, M|\n|poke|p2|Maushold-Four, L50|\n|poke|p2|Amoonguss, L50, M|\n|poke|p2|Rotom-Wash, L50|\n|poke|p2|Ting-Lu, L50|\n|poke|p2|Arcanine, L50, M|\n|teampreview|4\nYveltalAllegations has agreed to open team sheets.\nAttackDos has agreed to open team sheets.\n|inactive|Battle timer is ON: inactive players will automatically lose when time's up. (requested by YveltalAllegations)\n|inactive|AttackDos has 60 seconds left.\n|\n|t:|1682883548\n|start\n|switch|p1a: Lorule|Flutter Mane, L50|100\/100\n|switch|p1b: Kaiju|Baxcalibur, L50, M|100\/100\n|switch|p2a: Maushold|Maushold-Four, L50|100\/100\n|switch|p2b: Annihilape|Annihilape, L50, M|100\/100\n|-enditem|p1a: Lorule|Booster Energy\n|-activate|p1a: Lorule|ability: Protosynthesis|[fromitem]\n|-start|p1a: Lorule|protosynthesisspe\n|turn|1\n|inactive|YveltalAllegations has 30 seconds left.\n|inactive|AttackDos has 30 seconds left.\n|\n|t:|1682883581\n|-terastallize|p1a: Lorule|Fairy\n|-terastallize|p2b: Annihilape|Fire\n|move|p1b: Kaiju|Ice Shard|p2a: Maushold\n|-damage|p2a: Maushold|63\/100\n|-damage|p1b: Kaiju|91\/100|[from] item: Life Orb\n|move|p1a: Lorule|Moonblast|p2a: Maushold\n|-damage|p2a: Maushold|4\/100\n|move|p2a: Maushold|Beat Up|p2b: Annihilape\n|-damage|p2b: Annihilape|99\/100\n|-damage|p2b: Annihilape|97\/100\n|-damage|p2b: Annihilape|95\/100\n|-damage|p2b: Annihilape|94\/100\n|-hitcount|p2b: Annihilape|4\n|move|p2b: Annihilape|Rage Fist|p1b: Kaiju\n|-damage|p1b: Kaiju|1\/100\n|\n|-heal|p2b: Annihilape|99\/100|[from] item: Leftovers\n|upkeep\n|turn|2\n|inactive|AttackDos has 30 seconds left.\n|inactive|YveltalAllegations has 30 seconds left.\n|\n|t:|1682883615\n|move|p2a: Maushold|Protect|p2a: Maushold\n|-singleturn|p2a: Maushold|Protect\n|move|p1b: Kaiju|Ice Shard|p2a: Maushold\n|-activate|p2a: Maushold|move: Protect\n|move|p1a: Lorule|Hex|p2b: Annihilape\n|-damage|p2b: Annihilape|81\/100\n|move|p2b: Annihilape|Rage Fist|p1a: Lorule\n|-damage|p1a: Lorule|0 fnt\n|faint|p1a: Lorule\n|-end|p1a: Lorule|Protosynthesis|[silent]\n|\n|-heal|p2b: Annihilape|87\/100|[from] item: Leftovers\n|upkeep\n|\n|t:|1682883627\n|switch|p1a: Peindeer|Ting-Lu, L50|100\/100\n|-ability|p1a: Peindeer|Vessel of Ruin\n|turn|3\n|\n|t:|1682883639\n|move|p2a: Maushold|Follow Me|p2a: Maushold\n|-singleturn|p2a: Maushold|move: Follow Me\n|move|p1b: Kaiju|Ice Shard|p2a: Maushold\n|-damage|p2a: Maushold|0 fnt\n|faint|p2a: Maushold\n|-damage|p1b: Kaiju|0 fnt|[from] item: Life Orb\n|faint|p1b: Kaiju\n|move|p2b: Annihilape|Drain Punch|p1a: Peindeer\n|-supereffective|p1a: Peindeer\n|-damage|p1a: Peindeer|61\/100\n|-heal|p2b: Annihilape|100\/100|[from] drain|[of] p1a: Peindeer\n|move|p1a: Peindeer|Stomping Tantrum|p2b: Annihilape\n|-supereffective|p2b: Annihilape\n|-damage|p2b: Annihilape|0 fnt\n|faint|p2b: Annihilape\n|\n|upkeep\n|\n|t:|1682883652\n|switch|p2a: Arcanine|Arcanine, L50, M|100\/100\n|switch|p2b: Rotom|Rotom-Wash, L50|100\/100\n|switch|p1b: Haircut?|Brute Bonnet, L50|100\/100\n|-ability|p2a: Arcanine|Intimidate|boost\n|-unboost|p1a: Peindeer|atk|1\n|-unboost|p1b: Haircut?|atk|1\n|turn|4\n|\n|t:|1682883676\n|move|p2a: Arcanine|Flare Blitz|p1b: Haircut?\n|-supereffective|p1b: Haircut?\n|-damage|p1b: Haircut?|4\/100\n|-damage|p2a: Arcanine|61\/100|[from] Recoil\n|move|p2b: Rotom|Trick|p1a: Peindeer\n|-activate|p2b: Rotom|move: Trick|[of] p1a: Peindeer\n|-item|p1a: Peindeer|Choice Specs|[from] move: Trick\n|-item|p2b: Rotom|Choice Band|[from] move: Trick\n|move|p1b: Haircut?|Bullet Seed|p2b: Rotom\n|-supereffective|p2b: Rotom\n|-damage|p2b: Rotom|75\/100\n|-supereffective|p2b: Rotom\n|-damage|p2b: Rotom|46\/100\n|-supereffective|p2b: Rotom\n|-damage|p2b: Rotom|17\/100\n|-supereffective|p2b: Rotom\n|-damage|p2b: Rotom|0 fnt\n|faint|p2b: Rotom\n|-hitcount|p2: Rotom|4\n|move|p1a: Peindeer|Stomping Tantrum|p2a: Arcanine\n|-supereffective|p2a: Arcanine\n|-damage|p2a: Arcanine|0 fnt\n|faint|p2a: Arcanine\n|\n|win|YveltalAllegations\n|raw|YveltalAllegations's rating: 1241 → 1267<\/strong> (+26 for winning)\n|raw|AttackDos's rating: 1255 → 1229<\/strong> (-26 for losing)\n","uploadtime":1682883695,"views":8,"p1id":"yveltalallegations","p2id":"attackdos","formatid":"gen9vgc2023regulationc","rating":1229,"private":0,"password":""}