{"id":"gen9vgc2023regulationc-1859912787","p1":"G3rd","p2":"tobi29493","format":"[Gen 9] VGC 2023 Regulation C","log":"|j|\u2606G3rd\n|j|\u2606tobi29493\n|t:|1683575159\n|gametype|doubles\n|player|p1|G3rd|giovanni|1291\n|player|p2|tobi29493|2|1239\n|teamsize|p1|6\n|teamsize|p2|6\n|gen|9\n|tier|[Gen 9] VGC 2023 Regulation C\n|rated|\n|rule|Species Clause: Limit one of each Pok\u00e9mon\n|rule|Item Clause: Limit one of each item\n|clearpoke\n|poke|p1|Annihilape, L50, F|\n|poke|p1|Maushold-Four, L50|\n|poke|p1|Chien-Pao, L50|\n|poke|p1|Dragonite, L50, F|\n|poke|p1|Ting-Lu, L50|\n|poke|p1|Florges, L50, F|\n|poke|p2|Tyranitar, L50, M|\n|poke|p2|Lycanroc, L50, F|\n|poke|p2|Ting-Lu, L50|\n|poke|p2|Maushold, L50|\n|poke|p2|Annihilape, L50, F|\n|poke|p2|Flutter Mane, L50|\n|teampreview|4\nG3rd has agreed to open team sheets.\ntobi29493 rejected open team sheets.\n|inactive|Battle timer is ON: inactive players will automatically lose when time's up. (requested by tobi29493)\n|\n|t:|1683575212\n|start\n|switch|p1a: Florges|Florges, L50, F|100\/100\n|switch|p1b: Annihilape|Annihilape, L50, F|100\/100\n|switch|p2a: Tyranitar|Tyranitar, L50, M|100\/100\n|switch|p2b: Lycanroc|Lycanroc, L50, F|100\/100\n|-weather|Sandstorm|[from] ability: Sand Stream|[of] p2a: Tyranitar\n|turn|1\n|inactive|G3rd has 30 seconds left.\n|inactive|G3rd has 20 seconds left.\n|inactive|G3rd has 15 seconds left.\n|inactive|G3rd has 10 seconds left.\n|\n|t:|1683575259\n|-terastallize|p2a: Tyranitar|Flying\n|move|p2b: Lycanroc|Howl|p2b: Lycanroc|[spread] p2a,p2b\n|-boost|p2a: Tyranitar|atk|1\n|-enditem|p1a: Florges|Mirror Herb\n|-boost|p1a: Florges|atk|1|[from] item: Mirror Herb\n|-boost|p2b: Lycanroc|atk|1\n|move|p1b: Annihilape|Bulk Up|p1b: Annihilape\n|-boost|p1b: Annihilape|atk|1\n|-boost|p1b: Annihilape|def|1\n|move|p1a: Florges|Skill Swap|p2b: Lycanroc\n|-activate|p1a: Florges|move: Skill Swap|Sand Rush|Symbiosis|[of] p2b: Lycanroc\n|move|p2a: Tyranitar|Tera Blast|p1b: Annihilape\n|-supereffective|p1b: Annihilape\n|-damage|p1b: Annihilape|14\/100\n|\n|-weather|Sandstorm|[upkeep]\n|-damage|p1b: Annihilape|8\/100|[from] Sandstorm\n|-damage|p2a: Tyranitar|94\/100|[from] Sandstorm\n|-heal|p1b: Annihilape|14\/100|[from] item: Leftovers\n|upkeep\n|turn|2\n|inactive|G3rd has 30 seconds left.\n|inactive|tobi29493 has 30 seconds left.\n|inactive|G3rd has 20 seconds left.\n|\n|t:|1683575297\n|move|p2b: Lycanroc|Protect|p2b: Lycanroc\n|-singleturn|p2b: Lycanroc|Protect\n|move|p1a: Florges|Pollen Puff|p1b: Annihilape\n|-heal|p1b: Annihilape|64\/100\n|move|p1b: Annihilape|Drain Punch|p2b: Lycanroc\n|-activate|p2b: Lycanroc|move: Protect\n|move|p2a: Tyranitar|Rock Slide|p1b: Annihilape|[spread] p1a,p1b\n|-resisted|p1b: Annihilape\n|-damage|p1a: Florges|56\/100\n|-damage|p1b: Annihilape|51\/100\n|\n|-weather|Sandstorm|[upkeep]\n|-damage|p1b: Annihilape|45\/100|[from] Sandstorm\n|-damage|p2a: Tyranitar|88\/100|[from] Sandstorm\n|-heal|p1b: Annihilape|51\/100|[from] item: Leftovers\n|upkeep\n|turn|3\n|inactive|G3rd has 30 seconds left.\n|\n|t:|1683575337\n|switch|p2b: Annihilape|Annihilape, L50, F|100\/100\n|move|p1a: Florges|Pollen Puff|p1b: Annihilape\n|-heal|p1b: Annihilape|100\/100\n|move|p1b: Annihilape|Rage Fist|p2b: Annihilape\n|-supereffective|p2b: Annihilape\n|-damage|p2b: Annihilape|0 fnt\n|faint|p2b: Annihilape\n|move|p2a: Tyranitar|Tera Blast|p1b: Annihilape\n|-supereffective|p1b: Annihilape\n|-damage|p1b: Annihilape|22\/100\n|\n|-weather|Sandstorm|[upkeep]\n|-damage|p1b: Annihilape|16\/100|[from] Sandstorm\n|-damage|p2a: Tyranitar|82\/100|[from] Sandstorm\n|-heal|p1b: Annihilape|22\/100|[from] item: Leftovers\n|upkeep\n|\n|t:|1683575352\n|switch|p2b: Maushold|Maushold, L50|100\/100\n|turn|4\n|inactive|G3rd has 30 seconds left.\n|\n|t:|1683575384\n|move|p1a: Florges|Helping Hand|p1b: Annihilape\n|-singleturn|p1b: Annihilape|Helping Hand|[of] p1a: Florges\n|move|p2b: Maushold|Protect|p2b: Maushold\n|-singleturn|p2b: Maushold|Protect\n|move|p1b: Annihilape|Rage Fist|p2a: Tyranitar\n|-damage|p2a: Tyranitar|0 fnt\n|faint|p2a: Tyranitar\n|\n|-weather|Sandstorm|[upkeep]\n|-damage|p1b: Annihilape|16\/100|[from] Sandstorm\n|-heal|p1b: Annihilape|22\/100|[from] item: Leftovers\n|upkeep\n|-message|tobi29493 forfeited.\n|\n|win|G3rd\n|raw|G3rd's rating: 1291 → 1312<\/strong> (+21 for winning)\n|raw|tobi29493's rating: 1239 → 1218<\/strong> (-21 for losing)\n|l|\u2606tobi29493\n","uploadtime":1683575405,"views":53,"p1id":"g3rd","p2id":"tobi29493","formatid":"gen9vgc2023regulationc","rating":1218,"private":0,"password":""}