{"id":"gen9vgc2023regulationc-1855189013","p1":"ventianndk","p2":"reeeeeeloluwuwhi","format":"[Gen 9] VGC 2023 Regulation C","log":"|j|\u2606ventianndk\n|j|\u2606reeeeeeloluwuwhi\n|t:|1682912562\n|gametype|doubles\n|player|p1|ventianndk|101|1185\n|player|p2|reeeeeeloluwuwhi|266|1090\n|teamsize|p1|6\n|teamsize|p2|6\n|gen|9\n|tier|[Gen 9] VGC 2023 Regulation C\n|rated|\n|rule|Species Clause: Limit one of each Pok\u00e9mon\n|rule|Item Clause: Limit one of each item\n|clearpoke\n|poke|p1|Palafin, L50, F|\n|poke|p1|Flutter Mane, L50|\n|poke|p1|Arcanine, L50, M|\n|poke|p1|Amoonguss, L50, M|\n|poke|p1|Ting-Lu, L50|\n|poke|p1|Roaring Moon, L50|\n|poke|p2|Barraskewda, L50, F|\n|poke|p2|Pelipper, L50, F|\n|poke|p2|Beartic, L50, F|\n|poke|p2|Flutter Mane, L50|\n|poke|p2|Chien-Pao, L50|\n|poke|p2|Dragapult, L50, F|\n|teampreview|4\n|\n|t:|1682912584\n|start\n|switch|p1a: Palafin|Palafin, L50, F|100\/100\n|switch|p1b: Amoonguss|Amoonguss, L50, M|100\/100\n|switch|p2a: Barraskewda|Barraskewda, L50, F|100\/100\n|switch|p2b: Pelipper|Pelipper, L50, F|100\/100\n|-weather|RainDance|[from] ability: Drizzle|[of] p2b: Pelipper\n|turn|1\n|\n|t:|1682912628\n|-terastallize|p1a: Palafin|Water\n|move|p2b: Pelipper|Helping Hand|p2a: Barraskewda\n|-singleturn|p2a: Barraskewda|Helping Hand|[of] p2b: Pelipper\n|move|p2a: Barraskewda|Poison Jab|p1b: Amoonguss\n|-damage|p1b: Amoonguss|58\/100\n|move|p1a: Palafin|Wave Crash|p2b: Pelipper\n|-resisted|p2b: Pelipper\n|-damage|p2b: Pelipper|50\/100\n|-damage|p1a: Palafin|84\/100|[from] Recoil\n|move|p1b: Amoonguss|Spore|p2b: Pelipper\n|-status|p2b: Pelipper|slp|[from] move: Spore\n|\n|-weather|RainDance|[upkeep]\n|upkeep\n|turn|2\n|\n|t:|1682912662\n|detailschange|p1a: Palafin|Palafin-Hero, L50, F, tera:Water\n|switch|p1a: Roaring Moon|Roaring Moon, L50|100\/100\n|-enditem|p1a: Roaring Moon|Booster Energy\n|-activate|p1a: Roaring Moon|ability: Protosynthesis|[fromitem]\n|-start|p1a: Roaring Moon|protosynthesisatk\n|switch|p2b: Pixie|Flutter Mane, L50, shiny|100\/100\n|-terastallize|p2a: Barraskewda|Water\n|move|p2a: Barraskewda|Liquidation|p1b: Amoonguss\n|-resisted|p1b: Amoonguss\n|-crit|p1b: Amoonguss\n|-damage|p1b: Amoonguss|0 fnt\n|faint|p1b: Amoonguss\n|\n|-weather|RainDance|[upkeep]\n|upkeep\n|\n|t:|1682912676\n|switch|p1b: Flutter Mane|Flutter Mane, L50|100\/100\n|turn|3\n|\n|t:|1682912702\n|-end|p1a: Roaring Moon|Protosynthesis|[silent]\n|switch|p1a: Palafin|Palafin-Hero, L50, F, tera:Water|84\/100\n|-activate|p1a: Palafin|ability: Zero to Hero\n|move|p2a: Barraskewda|Liquidation|p1b: Flutter Mane\n|-damage|p1b: Flutter Mane|0 fnt\n|faint|p1b: Flutter Mane\n|-end|p1b: Flutter Mane|Protosynthesis|[silent]\n|move|p2b: Pixie|Dazzling Gleam|p1a: Palafin\n|-damage|p1a: Palafin|12\/100\n|\n|-weather|RainDance|[upkeep]\n|upkeep\n|\n|t:|1682912713\n|switch|p1b: Roaring Moon|Roaring Moon, L50|100\/100\n|turn|4\n|\n|t:|1682912727\n|move|p2a: Barraskewda|Liquidation|p1b: Roaring Moon\n|-resisted|p1b: Roaring Moon\n|-damage|p1b: Roaring Moon|41\/100\n|move|p2b: Pixie|Dazzling Gleam|p1b: Roaring Moon|[spread] p1a,p1b\n|-supereffective|p1b: Roaring Moon\n|-damage|p1a: Palafin|0 fnt\n|-damage|p1b: Roaring Moon|0 fnt\n|faint|p1a: Palafin\n|faint|p1b: Roaring Moon\n|-end|p1b: Roaring Moon|Protosynthesis|[silent]\n|\n|win|reeeeeeloluwuwhi\n|raw|ventianndk's rating: 1185 → 1153<\/strong> (-32 for losing)\n|raw|reeeeeeloluwuwhi's rating: 1090 → 1124<\/strong> (+34 for winning)\n|l|\u2606ventianndk\n","uploadtime":1682912738,"views":16,"p1id":"ventianndk","p2id":"reeeeeeloluwuwhi","formatid":"gen9vgc2023regulationc","rating":1124,"private":0,"password":""}