{"id":"gen9vgc2023regulationc-1848061612","p1":"BarrelsOfCans","p2":"themodpros_Bros","format":"[Gen 9] VGC 2023 Regulation C","log":"|j|\u2606BarrelsOfCans\n|j|\u2606themodpros_Bros\n|t:|1682025413\n|gametype|doubles\n|player|p1|BarrelsOfCans|1|\n|player|p2|themodpros_Bros|2|\n|teamsize|p1|6\n|teamsize|p2|6\n|gen|9\n|tier|[Gen 9] VGC 2023 Regulation C\n|rule|Species Clause: Limit one of each Pok\u00e9mon\n|rule|Item Clause: Limit one of each item\n|clearpoke\n|poke|p1|Rotom-Heat, L50|\n|poke|p1|Azumarill, L50, F|\n|poke|p1|Tyranitar, L50, M|\n|poke|p1|Lucario, L50, M|\n|poke|p1|Raichu, L50, M|\n|poke|p1|Sandaconda, L50, F|\n|poke|p2|Garganacl, L50, F|\n|poke|p2|Scizor, L50, F|\n|poke|p2|Hypno, L50, M|\n|poke|p2|Impidimp, L50, M|\n|poke|p2|Chien-Pao, L50|\n|poke|p2|Ursaring, L50, M|\n|teampreview|4\n|c|\u2606themodpros_Bros|glhf\n|c|\u2606BarrelsOfCans|glhf\n|j| Sambro5\n|\n|t:|1682025473\n|start\n|switch|p1a: Tyranitar|Tyranitar, L50, M|100\/100\n|switch|p1b: Sandaconda|Sandaconda, L50, F|100\/100\n|switch|p2a: Impidimp|Impidimp, L50, M|100\/100\n|switch|p2b: Chien-Pao|Chien-Pao, L50|100\/100\n|-ability|p2b: Chien-Pao|Sword of Ruin\n|-weather|Sandstorm|[from] ability: Sand Stream|[of] p1a: Tyranitar\n|turn|1\n|l| Sambro5\n|\n|t:|1682025519\n|move|p2a: Impidimp|Fake Out|p1a: Tyranitar\n|-resisted|p1a: Tyranitar\n|-damage|p1a: Tyranitar|98\/100\n|move|p2b: Chien-Pao|Ice Spinner|p1b: Sandaconda\n|-supereffective|p1b: Sandaconda\n|-damage|p1b: Sandaconda|0 fnt\n|faint|p1b: Sandaconda\n|cant|p1a: Tyranitar|flinch\n|\n|-weather|Sandstorm|[upkeep]\n|-damage|p2b: Chien-Pao|94\/100|[from] Sandstorm\n|-damage|p2a: Impidimp|95\/100|[from] Sandstorm\n|upkeep\n|\n|t:|1682025529\n|switch|p1b: Rotom|Rotom-Heat, L50|100\/100\n|turn|2\n|\n|t:|1682025554\n|-terastallize|p1a: Tyranitar|Steel\n|move|p2a: Impidimp|Light Screen|p2a: Impidimp\n|-sidestart|p2: themodpros_Bros|move: Light Screen\n|move|p2b: Chien-Pao|Ice Spinner|p1a: Tyranitar\n|-resisted|p1a: Tyranitar\n|-damage|p1a: Tyranitar|65\/100\n|move|p1b: Rotom|Overheat|p2a: Impidimp\n|-damage|p2a: Impidimp|0 fnt\n|-unboost|p1b: Rotom|spa|2\n|faint|p2a: Impidimp\n|move|p1a: Tyranitar|Rock Slide|p2b: Chien-Pao\n|-supereffective|p2b: Chien-Pao\n|-damage|p2b: Chien-Pao|0 fnt\n|faint|p2b: Chien-Pao\n|\n|-weather|Sandstorm|[upkeep]\n|-damage|p1b: Rotom|95\/100|[from] Sandstorm\n|upkeep\n|\n|t:|1682025568\n|switch|p2b: Scizor|Scizor, L50, F|100\/100\n|switch|p2a: Garganacl|Garganacl, L50, F|100\/100\n|turn|3\n|\n|t:|1682025606\n|move|p1b: Rotom|Volt Switch|p2a: Garganacl\n|-damage|p2a: Garganacl|93\/100\n|\n|t:|1682025609\n|switch|p1b: Lucario|Lucario, L50, M|100\/100|[from] Volt Switch\n|move|p2b: Scizor|Close Combat|p1a: Tyranitar\n|-supereffective|p1a: Tyranitar\n|-damage|p1a: Tyranitar|0 fnt\n|-unboost|p2b: Scizor|def|1\n|-unboost|p2b: Scizor|spd|1\n|faint|p1a: Tyranitar\n|-damage|p2b: Scizor|91\/100|[from] item: Life Orb\n|move|p2a: Garganacl|Iron Defense|p2a: Garganacl\n|-boost|p2a: Garganacl|def|2\n|\n|-weather|Sandstorm|[upkeep]\n|upkeep\n|c|\u2606themodpros_Bros|chip\n|\n|t:|1682025615\n|switch|p1a: Rotom|Rotom-Heat, L50|95\/100\n|turn|4\n|\n|t:|1682025639\n|-terastallize|p2b: Scizor|Water\n|move|p1b: Lucario|Steel Beam|p2a: Garganacl\n|-supereffective|p2a: Garganacl\n|-damage|p2a: Garganacl|7\/100\n|-damage|p1b: Lucario|50\/100|[from] steelbeam\n|-enditem|p2a: Garganacl|Sitrus Berry|[eat]\n|-heal|p2a: Garganacl|31\/100|[from] item: Sitrus Berry\n|-damage|p1b: Lucario|41\/100|[from] item: Life Orb\n|move|p1a: Rotom|Overheat|p2b: Scizor\n|-resisted|p2b: Scizor\n|-damage|p2b: Scizor|54\/100\n|-unboost|p1a: Rotom|spa|2\n|move|p2b: Scizor|Tera Blast|p1a: Rotom\n|-supereffective|p1a: Rotom\n|-damage|p1a: Rotom|0 fnt\n|faint|p1a: Rotom\n|-damage|p2b: Scizor|44\/100|[from] item: Life Orb\n|move|p2a: Garganacl|Body Press|p1b: Lucario\n|-supereffective|p1b: Lucario\n|-damage|p1b: Lucario|0 fnt\n|faint|p1b: Lucario\n|\n|win|themodpros_Bros\n|c|\u2606BarrelsOfCans|gg\n|c|\u2606themodpros_Bros|gg\n|j| Fozzircf\n|c|\u2606themodpros_Bros|did i tera g1?\n","uploadtime":1682025665,"views":8,"p1id":"barrelsofcans","p2id":"themodprosbros","formatid":"gen9vgc2023regulationc","rating":0,"private":0,"password":""}