{"id":"gen9vgc2023regulationc-1860363756","p1":"UltimoRyu","p2":"Dev865","format":"[Gen 9] VGC 2023 Regulation C","log":"|j|\u2606UltimoRyu\n|j|\u2606Dev865\n|t:|1683637398\n|gametype|doubles\n|player|p1|UltimoRyu|turo-ai|1153\n|player|p2|Dev865|burgh|1178\n|teamsize|p1|6\n|teamsize|p2|6\n|gen|9\n|tier|[Gen 9] VGC 2023 Regulation C\n|rated|\n|rule|Species Clause: Limit one of each Pok\u00e9mon\n|rule|Item Clause: Limit one of each item\n|clearpoke\n|poke|p1|Slither Wing, L50|\n|poke|p1|Indeedee-F, L50, F|\n|poke|p1|Armarouge, L50, F|\n|poke|p1|Torkoal, L50, F|\n|poke|p1|Mimikyu, L50, F|\n|poke|p1|Murkrow, L50, F|\n|poke|p2|Iron Moth, L50|\n|poke|p2|Palafin, L50, F|\n|poke|p2|Klefki, L50, F|\n|poke|p2|Amoonguss, L50, M|\n|poke|p2|Flutter Mane, L50|\n|poke|p2|Chien-Pao, L50|\n|teampreview|4\n|inactive|Battle timer is ON: inactive players will automatically lose when time's up. (requested by Dev865)\n|inactive|UltimoRyu has 60 seconds left.\n|\n|t:|1683637467\n|start\n|switch|p1a: Indeedee|Indeedee-F, L50, F|100\/100\n|switch|p1b: Armarouge|Armarouge, L50, F|100\/100\n|switch|p2a: Amoonguss|Amoonguss, L50, M|100\/100\n|switch|p2b: Palafin|Palafin, L50, F|100\/100\n|-fieldstart|move: Psychic Terrain|[from] ability: Psychic Surge|[of] p1a: Indeedee\n|-enditem|p1a: Indeedee|Psychic Seed\n|-boost|p1a: Indeedee|spd|1|[from] item: Psychic Seed\n|turn|1\n|\n|t:|1683637491\n|detailschange|p2b: Palafin|Palafin-Hero, L50, F\n|switch|p2b: Chien-Pao|Chien-Pao, L50|100\/100\n|-ability|p2b: Chien-Pao|Sword of Ruin\n|move|p2a: Amoonguss|Protect|p2a: Amoonguss\n|-singleturn|p2a: Amoonguss|Protect\n|move|p1a: Indeedee|Follow Me|p1a: Indeedee\n|-singleturn|p1a: Indeedee|move: Follow Me\n|move|p1b: Armarouge|Trick Room|p1b: Armarouge\n|-fieldstart|move: Trick Room|[of] p1b: Armarouge\n|\n|upkeep\n|turn|2\n|\n|t:|1683637515\n|-terastallize|p1b: Armarouge|Grass\n|move|p2a: Amoonguss|Rage Powder|p2a: Amoonguss\n|-singleturn|p2a: Amoonguss|move: Rage Powder\n|move|p1b: Armarouge|Armor Cannon|p2a: Amoonguss\n|-supereffective|p2a: Amoonguss\n|-damage|p2a: Amoonguss|0 fnt\n|-unboost|p1b: Armarouge|def|1\n|-unboost|p1b: Armarouge|spd|1\n|faint|p2a: Amoonguss\n|-damage|p1b: Armarouge|91\/100|[from] item: Life Orb\n|move|p1a: Indeedee|Dazzling Gleam|p2b: Chien-Pao\n|-supereffective|p2b: Chien-Pao\n|-damage|p2b: Chien-Pao|32\/100\n|move|p2b: Chien-Pao|Throat Chop|p1b: Armarouge\n|-damage|p1b: Armarouge|19\/100\n|-start|p1b: Armarouge|Throat Chop|[silent]\n|\n|upkeep\n|-message|Dev865 forfeited.\n|\n|win|UltimoRyu\n|raw|UltimoRyu's rating: 1153 → 1180<\/strong> (+27 for winning)\n|raw|Dev865's rating: 1178 → 1151<\/strong> (-27 for losing)\n|l|\u2606Dev865\n","uploadtime":1683637537,"views":9,"p1id":"ultimoryu","p2id":"dev865","formatid":"gen9vgc2023regulationc","rating":1151,"private":0,"password":""}