{"id":"gen9vgc2023regulationc-1861443771","p1":"breakfast enjoyer","p2":"PrinceofUnderworld","format":"[Gen 9] VGC 2023 Regulation C","log":"|j|\u2606breakfast enjoyer\n|j|\u2606PrinceofUnderworld\n|t:|1683758570\n|gametype|doubles\n|player|p1|breakfast enjoyer|clown|\n|player|p2|PrinceofUnderworld|101|\n|teamsize|p1|6\n|teamsize|p2|6\n|gen|9\n|tier|[Gen 9] VGC 2023 Regulation C\n|rule|Tera Type Preview: Tera Types are shown at Team Preview\n|rule|Species Clause: Limit one of each Pok\u00e9mon\n|rule|Item Clause: Limit one of each item\n|clearpoke\n|poke|p1|Maushold, L50|\n|poke|p1|Roaring Moon, L50|\n|poke|p1|Gholdengo, L50|\n|poke|p1|Tauros-Paldea-Aqua, L50, M|\n|poke|p1|Clodsire, L50, F|\n|poke|p1|Arboliva, L50, F|\n|poke|p2|Florges, L50, F|\n|poke|p2|Tatsugiri, L50, M|\n|poke|p2|Murkrow, L50, F|\n|poke|p2|Dondozo, L50, M|\n|poke|p2|Maushold, L50|\n|poke|p2|Annihilape, L50, F|\n|teampreview|4\n|raw|breakfast enjoyer's Tera Types: \/ \/ \/ \/ \/ \n|raw|PrinceofUnderworld's Tera Types: \/ \/ \/ \/ \/ \n|inactive|Battle timer is ON: inactive players will automatically lose when time's up. (requested by PrinceofUnderworld)\n|inactive|breakfast enjoyer has 60 seconds left.\n|inactive|PrinceofUnderworld has 60 seconds left.\n|inactive|breakfast enjoyer has 30 seconds left.\n|inactiveoff|Battle timer is now OFF.\n|j| tzarii\n|j| sejuntest\n|c| sejuntest|glhf to all\n|c|\u2606breakfast enjoyer|hf prince\n|c| sejuntest|king ayo\n|c| sejuntest|actually brought florges this game\n|\n|t:|1683758789\n|start\n|switch|p1a: Tauros|Tauros-Paldea-Aqua, L50, M|100\/100\n|switch|p1b: Roaring Moon|Roaring Moon, L50|100\/100\n|switch|p2a: Maushold|Maushold, L50|100\/100\n|switch|p2b: Annihilape|Annihilape, L50, F|100\/100\n|-ability|p1a: Tauros|Intimidate|boost\n|-unboost|p2a: Maushold|atk|1\n|-unboost|p2b: Annihilape|atk|1\n|-ability|p2b: Annihilape|Defiant|boost\n|-boost|p2b: Annihilape|atk|2\n|-enditem|p1a: Tauros|Mirror Herb\n|-boost|p1a: Tauros|atk|2|[from] item: Mirror Herb\n|-enditem|p1b: Roaring Moon|Booster Energy\n|-activate|p1b: Roaring Moon|ability: Protosynthesis|[fromitem]\n|-start|p1b: Roaring Moon|protosynthesisatk\n|turn|1\n|inactive|Battle timer is ON: inactive players will automatically lose when time's up. (requested by breakfast enjoyer)\n|inactive|breakfast enjoyer has 30 seconds left.\n|inactive|PrinceofUnderworld has 30 seconds left.\n|inactive|breakfast enjoyer has 20 seconds left.\n|\n|t:|1683758829\n|-terastallize|p1b: Roaring Moon|Flying\n|move|p1b: Roaring Moon|Acrobatics|p2b: Annihilape\n|-supereffective|p2b: Annihilape\n|-damage|p2b: Annihilape|0 fnt\n|faint|p2b: Annihilape\n|move|p2a: Maushold|Beat Up|p2: Annihilape|[notarget]\n|-fail|p2a: Maushold\n|move|p1a: Tauros|Wave Crash|p2a: Maushold\n|-damage|p2a: Maushold|0 fnt\n|faint|p2a: Maushold\n|-damage|p1a: Tauros|61\/100|[from] Recoil\n|\n|upkeep\n|c| sejuntest|ok\n|c|\u2606PrinceofUnderworld|Wtf\n|\n|t:|1683758848\n|switch|p2a: Florges|Florges, L50, F|100\/100\n|switch|p2b: Tatsugiri|Tatsugiri, L50, M|100\/100\n|turn|2\n|j| winteredsoul\n|c| sejuntest|tera flying booster atk acro\n|c| sejuntest|funny\n|j| M1so\n|inactive|PrinceofUnderworld has 30 seconds left.\n|\n|t:|1683758873\n|-terastallize|p2b: Tatsugiri|Fairy\n|move|p1b: Roaring Moon|Protect|p1b: Roaring Moon\n|-singleturn|p1b: Roaring Moon|Protect\n|move|p1a: Tauros|Close Combat|p2b: Tatsugiri\n|-resisted|p2b: Tatsugiri\n|-damage|p2b: Tatsugiri|0 fnt\n|-unboost|p1a: Tauros|def|1\n|-unboost|p1a: Tauros|spd|1\n|faint|p2b: Tatsugiri\n|move|p2a: Florges|Draining Kiss|p1a: Tauros\n|-supereffective|p1a: Tauros\n|-damage|p1a: Tauros|0 fnt\n|faint|p1a: Tauros\n|\n|upkeep\n|\n|t:|1683758887\n|switch|p1a: Gholdengo|Gholdengo, L50|100\/100\n|turn|3\n|c| sejuntest|florges reverse sweep\n|c| sejuntest|come on\n|l| M1so\n|inactive|PrinceofUnderworld has 30 seconds left.\n|\n|t:|1683758915\n|move|p1a: Gholdengo|Make It Rain|p2a: Florges\n|-supereffective|p2a: Florges\n|-damage|p2a: Florges|5\/100\n|-unboost|p1a: Gholdengo|spa|1\n|move|p1b: Roaring Moon|Acrobatics|p2a: Florges\n|-damage|p2a: Florges|0 fnt\n|faint|p2a: Florges\n|\n|win|breakfast enjoyer\n|c|\u2606PrinceofUnderworld|Rip\n|l| sejuntest\n","uploadtime":1683758930,"views":11,"p1id":"breakfastenjoyer","p2id":"princeofunderworld","formatid":"gen9vgc2023regulationc","rating":0,"private":0,"password":""}