{"id":"gen9vgc2023regulationc-1849374534","p1":"Kirizin","p2":"qiennys","format":"[Gen 9] VGC 2023 Regulation C","log":"|j|\u2606Kirizin\n|j|\u2606qiennys\n|t:|1682191431\n|gametype|doubles\n|player|p1|Kirizin|lance|1000\n|player|p2|qiennys|2|1000\n|teamsize|p1|6\n|teamsize|p2|6\n|gen|9\n|tier|[Gen 9] VGC 2023 Regulation C\n|rated|\n|rule|Species Clause: Limit one of each Pok\u00e9mon\n|rule|Item Clause: Limit one of each item\n|clearpoke\n|poke|p1|Dondozo, L50, M|\n|poke|p1|Tatsugiri-Stretchy, L50, M|\n|poke|p1|Chi-Yu, L50|\n|poke|p1|Flutter Mane, L50|\n|poke|p1|Dragonite, L50, M|\n|poke|p1|Glimmora, L50, F|\n|poke|p2|Pelipper, L50, M|\n|poke|p2|Drednaw, L50, F|\n|poke|p2|Iron Bundle, L50|\n|poke|p2|Dondozo, L50, M|\n|poke|p2|Gastrodon, L50, F|\n|poke|p2|Tatsugiri, L50, M|\n|teampreview|4\n|\n|t:|1682191472\n|start\n|switch|p1a: Tatsugiri|Tatsugiri-Stretchy, L50, M|100\/100\n|switch|p1b: Glimmora|Glimmora, L50, F|100\/100\n|switch|p2a: Pelipper|Pelipper, L50, M|100\/100\n|switch|p2b: Iron Bundle|Iron Bundle, L50|100\/100\n|-weather|RainDance|[from] ability: Drizzle|[of] p2a: Pelipper\n|-enditem|p2b: Iron Bundle|Booster Energy\n|-activate|p2b: Iron Bundle|ability: Quark Drive|[fromitem]\n|-start|p2b: Iron Bundle|quarkdrivespe\n|turn|1\n|\n|t:|1682191484\n|move|p2b: Iron Bundle|Freeze-Dry|p1a: Tatsugiri\n|-supereffective|p1a: Tatsugiri\n|-crit|p1a: Tatsugiri\n|-damage|p1a: Tatsugiri|0 fnt\n|faint|p1a: Tatsugiri\n|move|p1b: Glimmora|Power Gem|p2a: Pelipper\n|-supereffective|p2a: Pelipper\n|-enditem|p2a: Pelipper|Focus Sash\n|-damage|p2a: Pelipper|1\/100\n|move|p2a: Pelipper|Tailwind|p2a: Pelipper\n|-sidestart|p2: qiennys|move: Tailwind\n|\n|-weather|RainDance|[upkeep]\n|upkeep\n|inactive|Battle timer is ON: inactive players will automatically lose when time's up. (requested by qiennys)\n|\n|t:|1682191496\n|switch|p1a: Flutter Mane|Flutter Mane, L50|100\/100\n|-enditem|p1a: Flutter Mane|Booster Energy\n|-activate|p1a: Flutter Mane|ability: Protosynthesis|[fromitem]\n|-start|p1a: Flutter Mane|protosynthesisspe\n|turn|2\n|inactive|qiennys has 30 seconds left.\n|inactive|qiennys has 20 seconds left.\n|inactive|qiennys has 15 seconds left.\n|inactive|qiennys has 10 seconds left.\n|inactive|qiennys has 5 seconds left.\n|\n|t:|1682191551\n|move|p1a: Flutter Mane|Protect|p1a: Flutter Mane\n|-singleturn|p1a: Flutter Mane|Protect\n|move|p2b: Iron Bundle|Freeze-Dry|p1a: Flutter Mane\n|-activate|p1a: Flutter Mane|move: Protect\n|move|p2a: Pelipper|Tailwind||[still]\n|-fail|p2a: Pelipper\n|move|p1b: Glimmora|Power Gem|p2b: Iron Bundle\n|-supereffective|p2b: Iron Bundle\n|-damage|p2b: Iron Bundle|0 fnt\n|faint|p2b: Iron Bundle\n|-end|p2b: Iron Bundle|Quark Drive|[silent]\n|\n|-weather|RainDance|[upkeep]\n|upkeep\n|\n|t:|1682191558\n|switch|p2b: Dondozo|Dondozo, L50, M|100\/100\n|turn|3\n|inactive|Kirizin has 30 seconds left.\n|\n|t:|1682191591\n|move|p2b: Dondozo|Protect|p2b: Dondozo\n|-singleturn|p2b: Dondozo|Protect\n|move|p1a: Flutter Mane|Substitute|p1a: Flutter Mane\n|-start|p1a: Flutter Mane|Substitute\n|-damage|p1a: Flutter Mane|76\/100\n|move|p2a: Pelipper|Hydro Pump|p1a: Flutter Mane|[miss]\n|-miss|p2a: Pelipper|p1a: Flutter Mane\n|move|p1b: Glimmora|Toxic|p2b: Dondozo\n|-activate|p2b: Dondozo|move: Protect\n|\n|-weather|RainDance|[upkeep]\n|upkeep\n|turn|4\n|inactive|qiennys has 30 seconds left.\n|-message|qiennys forfeited.\n|\n|win|Kirizin\n|raw|Kirizin's rating: 1000 → 1045<\/strong> (+45 for winning)\n|raw|qiennys's rating: 1044 → 1025<\/strong> (-19 for losing)\n|l|\u2606qiennys\n","uploadtime":1682191644,"views":9,"p1id":"kirizin","p2id":"qiennys","formatid":"gen9vgc2023regulationc","rating":1025,"private":0,"password":""}