{"id":"gen9vgc2023regulationc-1862771148","p1":"godtech946","p2":"Veryaveragejoe","format":"[Gen 9] VGC 2023 Regulation C","log":"|j|\u2606godtech946\n|j|\u2606Veryaveragejoe\n|t:|1683920221\n|gametype|doubles\n|player|p1|godtech946|veteran|1058\n|player|p2|Veryaveragejoe|101|1017\n|teamsize|p1|6\n|teamsize|p2|6\n|gen|9\n|tier|[Gen 9] VGC 2023 Regulation C\n|rated|\n|rule|Species Clause: Limit one of each Pok\u00e9mon\n|rule|Item Clause: Limit one of each item\n|clearpoke\n|poke|p1|Amoonguss, L50, F|\n|poke|p1|Oranguru, L50, M|\n|poke|p1|Torkoal, L50, F|\n|poke|p1|Chi-Yu, L50|\n|poke|p1|Garganacl, L50, F|\n|poke|p1|Mabosstiff, L50, M|\n|poke|p2|Slaking, L50, F|\n|poke|p2|Grafaiai, L50, M|\n|poke|p2|Iron Bundle, L50|\n|poke|p2|Kingambit, L50, F|\n|poke|p2|Amoonguss, L50, F|\n|poke|p2|Flutter Mane, L50|\n|teampreview|4\n|\n|t:|1683920243\n|start\n|switch|p1a: Oranguru|Oranguru, L50, M|100\/100\n|switch|p1b: Torkoal|Torkoal, L50, F|100\/100\n|switch|p2a: Kingambit|Kingambit, L50, F|100\/100\n|switch|p2b: Amoonguss|Amoonguss, L50, F, shiny|100\/100\n|-weather|SunnyDay|[from] ability: Drought|[of] p1b: Torkoal\n|turn|1\n|\n|t:|1683920281\n|-terastallize|p2a: Kingambit|Ghost\n|move|p1b: Torkoal|Protect|p1b: Torkoal\n|-singleturn|p1b: Torkoal|Protect\n|move|p2a: Kingambit|Kowtow Cleave|p1a: Oranguru\n|-supereffective|p1a: Oranguru\n|-damage|p1a: Oranguru|0 fnt\n|faint|p1a: Oranguru\n|move|p2b: Amoonguss|Pollen Puff|p1b: Torkoal\n|-activate|p1b: Torkoal|move: Protect\n|\n|-weather|SunnyDay|[upkeep]\n|upkeep\n|\n|t:|1683920297\n|switch|p1a: Chi-Yu|Chi-Yu, L50|100\/100\n|-ability|p1a: Chi-Yu|Beads of Ruin\n|turn|2\n|\n|t:|1683920320\n|-terastallize|p1b: Torkoal|Fire\n|move|p1a: Chi-Yu|Fire Blast|p2b: Amoonguss\n|-supereffective|p2b: Amoonguss\n|-damage|p2b: Amoonguss|0 fnt\n|faint|p2b: Amoonguss\n|move|p2a: Kingambit|Kowtow Cleave|p1a: Chi-Yu\n|-resisted|p1a: Chi-Yu\n|-damage|p1a: Chi-Yu|40\/100\n|move|p1b: Torkoal|Eruption|p2a: Kingambit\n|-damage|p2a: Kingambit|0 fnt\n|faint|p2a: Kingambit\n|\n|-weather|SunnyDay|[upkeep]\n|upkeep\n|\n|t:|1683920332\n|switch|p2a: Slaking|Slaking, L50, F|100\/100\n|switch|p2b: Grafaiai|Grafaiai, L50, M|100\/100\n|turn|3\n|\n|t:|1683920345\n|move|p2b: Grafaiai|Doodle|p1b: Torkoal\n|-endability|p2a: Slaking|Truant|[from] move: Doodle\n|-ability|p2a: Slaking|Drought|[from] move: Doodle\n|-endability|p2b: Grafaiai|Prankster|[from] move: Doodle\n|-ability|p2b: Grafaiai|Drought|[from] move: Doodle\n|move|p1a: Chi-Yu|Fire Blast|p2a: Slaking\n|-damage|p2a: Slaking|0 fnt\n|faint|p2a: Slaking\n|move|p1b: Torkoal|Eruption|p2b: Grafaiai\n|-enditem|p2b: Grafaiai|Focus Sash\n|-damage|p2b: Grafaiai|1\/100\n|\n|-weather|SunnyDay|[upkeep]\n|upkeep\n|turn|4\n|-message|Veryaveragejoe forfeited.\n|\n|win|godtech946\n|raw|godtech946's rating: 1058 → 1086<\/strong> (+28 for winning)\n|raw|Veryaveragejoe's rating: 1017 → 1006<\/strong> (-11 for losing)\n|l|\u2606Veryaveragejoe\n","uploadtime":1683920362,"views":12,"p1id":"godtech946","p2id":"veryaveragejoe","formatid":"gen9vgc2023regulationc","rating":1006,"private":0,"password":""}