{"id":"gen9vgc2023regulationc-1862015570","p1":"mfDOOMvmax","p2":"codyhat","format":"[Gen 9] VGC 2023 Regulation C","log":"|j|\u2606mfDOOMvmax\n|j|\u2606codyhat\n|t:|1683829007\n|gametype|doubles\n|player|p1|mfDOOMvmax|ingo|1300\n|player|p2|codyhat|volkner|1319\n|teamsize|p1|6\n|teamsize|p2|6\n|gen|9\n|tier|[Gen 9] VGC 2023 Regulation C\n|rated|\n|rule|Species Clause: Limit one of each Pok\u00e9mon\n|rule|Item Clause: Limit one of each item\n|clearpoke\n|poke|p1|Orthworm, L50, M|\n|poke|p1|Ceruledge, L50, M|\n|poke|p1|Kingambit, L50, F|\n|poke|p1|Flutter Mane, L50|\n|poke|p1|Tyranitar, L50, F|\n|poke|p1|Wo-Chien, L50|\n|poke|p2|Abomasnow, L50, F|\n|poke|p2|Cetitan, L50, F|\n|poke|p2|Iron Bundle, L50|\n|poke|p2|Arcanine, L50, F|\n|poke|p2|Chi-Yu, L50|\n|poke|p2|Flutter Mane, L50|\n|teampreview|4\n|inactive|Battle timer is ON: inactive players will automatically lose when time's up. (requested by mfDOOMvmax)\n|inactive|mfDOOMvmax has 60 seconds left.\n|\n|t:|1683829040\n|start\n|switch|p1a: Orthworm|Orthworm, L50, M, shiny|100\/100\n|switch|p1b: Ceruledge|Ceruledge, L50, M|100\/100\n|switch|p2a: Chi-Yu|Chi-Yu, L50|100\/100\n|switch|p2b: Flutter Mane|Flutter Mane, L50|100\/100\n|-ability|p2a: Chi-Yu|Beads of Ruin\n|turn|1\n|inactive|codyhat has 30 seconds left.\n|\n|t:|1683829070\n|switch|p1b: Tyranitar|Tyranitar, L50, F, shiny|100\/100\n|-weather|Sandstorm|[from] ability: Sand Stream|[of] p1b: Tyranitar\n|-terastallize|p2a: Chi-Yu|Ghost\n|move|p2a: Chi-Yu|Tera Blast|p1b: Tyranitar\n|-resisted|p1b: Tyranitar\n|-crit|p1b: Tyranitar\n|-damage|p1b: Tyranitar|74\/100\n|move|p2b: Flutter Mane|Mystical Fire|p1a: Orthworm\n|-supereffective|p1a: Orthworm\n|-damage|p1a: Orthworm|0 fnt\n|faint|p1a: Orthworm\n|-damage|p2b: Flutter Mane|90\/100|[from] item: Life Orb\n|\n|-weather|Sandstorm|[upkeep]\n|-damage|p2a: Chi-Yu|94\/100|[from] Sandstorm\n|-damage|p2b: Flutter Mane|84\/100|[from] Sandstorm\n|upkeep\n|\n|t:|1683829089\n|switch|p1a: Ceruledge|Ceruledge, L50, M|100\/100\n|turn|2\n|\n|t:|1683829111\n|move|p1a: Ceruledge|Protect|p1a: Ceruledge\n|-singleturn|p1a: Ceruledge|Protect\n|move|p2a: Chi-Yu|Tera Blast|p1a: Ceruledge\n|-activate|p1a: Ceruledge|move: Protect\n|move|p2b: Flutter Mane|Shadow Ball|p1a: Ceruledge\n|-activate|p1a: Ceruledge|move: Protect\n|move|p1b: Tyranitar|Rock Slide|p2b: Flutter Mane|[spread] p2a,p2b\n|-damage|p2a: Chi-Yu|10\/100\n|-damage|p2b: Flutter Mane|0 fnt\n|faint|p2b: Flutter Mane\n|-end|p2b: Flutter Mane|Protosynthesis|[silent]\n|\n|-weather|Sandstorm|[upkeep]\n|-damage|p2a: Chi-Yu|4\/100|[from] Sandstorm\n|upkeep\n|\n|t:|1683829127\n|switch|p2b: Arcanine|Arcanine, L50, F|100\/100\n|-ability|p2b: Arcanine|Intimidate|boost\n|-unboost|p1a: Ceruledge|atk|1\n|-unboost|p1b: Tyranitar|atk|1\n|turn|3\n|inactive|mfDOOMvmax has 30 seconds left.\n|\n|t:|1683829157\n|switch|p2a: Abomasnow|Abomasnow, L50, F|100\/100\n|-weather|Snow|[from] ability: Snow Warning|[of] p2a: Abomasnow\n|switch|p1b: Flutter Mane|Flutter Mane, L50|100\/100\n|-enditem|p1b: Flutter Mane|Booster Energy\n|-activate|p1b: Flutter Mane|ability: Protosynthesis|[fromitem]\n|-start|p1b: Flutter Mane|protosynthesisspe\n|move|p1a: Ceruledge|Shadow Sneak|p2a: Abomasnow\n|-damage|p2a: Abomasnow|89\/100\n|move|p2b: Arcanine|Close Combat|p1b: Flutter Mane\n|-immune|p1b: Flutter Mane\n|\n|-weather|Snow|[upkeep]\n|upkeep\n|turn|4\n|inactive|mfDOOMvmax has 30 seconds left.\n|inactive|codyhat has 30 seconds left.\n|-message|codyhat forfeited.\n|\n|win|mfDOOMvmax\n|raw|mfDOOMvmax's rating: 1300 → 1326<\/strong> (+26 for winning)\n|raw|codyhat's rating: 1319 → 1298<\/strong> (-21 for losing)\n|l|\u2606codyhat\n","uploadtime":1683829191,"views":11,"p1id":"mfdoomvmax","p2id":"codyhat","formatid":"gen9vgc2023regulationc","rating":1298,"private":0,"password":""}