{"id":"gen9vgc2023regulationc-1848103508","p1":"Missioph","p2":"eggplanet07","format":"[Gen 9] VGC 2023 Regulation C","log":"|j|\u2606Missioph\n|j|\u2606eggplanet07\n|t:|1682030070\n|gametype|doubles\n|player|p1|Missioph|infielder|1093\n|player|p2|eggplanet07|rosa|1169\n|teamsize|p1|6\n|teamsize|p2|6\n|gen|9\n|tier|[Gen 9] VGC 2023 Regulation C\n|rated|\n|rule|Species Clause: Limit one of each Pok\u00e9mon\n|rule|Item Clause: Limit one of each item\n|clearpoke\n|poke|p1|Amoonguss, L50, M|\n|poke|p1|Great Tusk, L50|\n|poke|p1|Flutter Mane, L50|\n|poke|p1|Iron Bundle, L50|\n|poke|p1|Tyranitar, L50, F|\n|poke|p1|Talonflame, L50, F|\n|poke|p2|Raichu, L50, M|\n|poke|p2|Ting-Lu, L50|\n|poke|p2|Amoonguss, L50, F|\n|poke|p2|Gyarados, L50, F|\n|poke|p2|Flutter Mane, L50|\n|poke|p2|Palafin, L50, F|\n|teampreview|4\n|inactive|Battle timer is ON: inactive players will automatically lose when time's up. (requested by eggplanet07)\n|inactive|eggplanet07 has 60 seconds left.\n|\n|t:|1682030111\n|start\n|switch|p1a: Great Tusk|Great Tusk, L50|100\/100\n|switch|p1b: Iron Bundle|Iron Bundle, L50|100\/100\n|switch|p2a: Raichu|Raichu, L50, M|100\/100\n|switch|p2b: Palafin|Palafin, L50, F|100\/100\n|-item|p2a: Raichu|Air Balloon\n|-enditem|p1b: Iron Bundle|Booster Energy\n|-activate|p1b: Iron Bundle|ability: Quark Drive|[fromitem]\n|-start|p1b: Iron Bundle|quarkdrivespe\n|turn|1\n|\n|t:|1682030130\n|detailschange|p2b: Palafin|Palafin-Hero, L50, F\n|switch|p2b: Gyarados|Gyarados, L50, F, shiny|100\/100\n|-ability|p2b: Gyarados|Intimidate|boost\n|-unboost|p1a: Great Tusk|atk|1\n|-unboost|p1b: Iron Bundle|atk|1\n|move|p1b: Iron Bundle|Protect|p1b: Iron Bundle\n|-singleturn|p1b: Iron Bundle|Protect\n|move|p2a: Raichu|Thunderbolt|p1b: Iron Bundle\n|-activate|p1b: Iron Bundle|move: Protect\n|move|p1a: Great Tusk|Headlong Rush|p2a: Raichu\n|-immune|p2a: Raichu\n|\n|upkeep\n|turn|2\n|inactive|Missioph has 30 seconds left.\n|inactive|eggplanet07 has 30 seconds left.\n|inactive|Missioph has 20 seconds left.\n|inactive|eggplanet07 has 20 seconds left.\n|\n|t:|1682030175\n|-end|p1b: Iron Bundle|Quark Drive|[silent]\n|switch|p1b: Talonflame|Talonflame, L50, F|100\/100\n|-end|p1a: Great Tusk|Protosynthesis|[silent]\n|switch|p1a: Tyranitar|Tyranitar, L50, F|100\/100\n|-weather|Sandstorm|[from] ability: Sand Stream|[of] p1a: Tyranitar\n|move|p2a: Raichu|Thunderbolt|p1b: Talonflame\n|-supereffective|p1b: Talonflame\n|-crit|p1b: Talonflame\n|-damage|p1b: Talonflame|0 fnt\n|faint|p1b: Talonflame\n|move|p2b: Gyarados|Waterfall|p1a: Tyranitar\n|-supereffective|p1a: Tyranitar\n|-damage|p1a: Tyranitar|25\/100\n|\n|-weather|Sandstorm|[upkeep]\n|-damage|p2a: Raichu|95\/100|[from] Sandstorm\n|upkeep\n|-message|Missioph forfeited.\n|\n|win|eggplanet07\n|raw|Missioph's rating: 1093 → 1074<\/strong> (-19 for losing)\n|raw|eggplanet07's rating: 1169 → 1189<\/strong> (+20 for winning)\n|l|\u2606Missioph\n","uploadtime":1682030190,"views":9,"p1id":"missioph","p2id":"eggplanet07","formatid":"gen9vgc2023regulationc","rating":1074,"private":0,"password":""}