{"id":"gen9vgc2023regulationc-1852417040","p1":"Hiemer14","p2":"PruebasNabil","format":"[Gen 9] VGC 2023 Regulation C","log":"|j|\u2606Hiemer14\n|j|\u2606PruebasNabil\n|t:|1682555017\n|gametype|doubles\n|player|p1|Hiemer14|1|1628\n|player|p2|PruebasNabil|ethan|1650\n|teamsize|p1|6\n|teamsize|p2|6\n|gen|9\n|tier|[Gen 9] VGC 2023 Regulation C\n|rated|\n|rule|Species Clause: Limit one of each Pok\u00e9mon\n|rule|Item Clause: Limit one of each item\n|clearpoke\n|poke|p1|Murkrow, L50, F|\n|poke|p1|Flutter Mane, L50|\n|poke|p1|Chi-Yu, L50|\n|poke|p1|Great Tusk, L50|\n|poke|p1|Tyranitar, L50, F|\n|poke|p1|Chien-Pao, L50|\n|poke|p2|Great Tusk, L50|\n|poke|p2|Chien-Pao, L50|\n|poke|p2|Dragonite, L50, M|\n|poke|p2|Iron Bundle, L50|\n|poke|p2|Flutter Mane, L50|\n|poke|p2|Glimmora, L50, F|\n|teampreview|4\n|j| merah merona\n|\n|t:|1682555085\n|start\n|switch|p1a: Murkrow|Murkrow, L50, F|100\/100\n|switch|p1b: Flutter Mane|Flutter Mane, L50|100\/100\n|switch|p2a: Iron Bundle|Iron Bundle, L50, shiny|100\/100\n|switch|p2b: Great Tusk|Great Tusk, L50|100\/100\n|-enditem|p2a: Iron Bundle|Booster Energy\n|-activate|p2a: Iron Bundle|ability: Quark Drive|[fromitem]\n|-start|p2a: Iron Bundle|quarkdrivespe\n|turn|1\n|j| w2lnut\n|\n|t:|1682555127\n|-terastallize|p2b: Great Tusk|Fire\n|move|p1a: Murkrow|Tailwind|p1a: Murkrow\n|-sidestart|p1: Hiemer14|move: Tailwind\n|move|p1b: Flutter Mane|Moonblast|p2a: Iron Bundle\n|-damage|p2a: Iron Bundle|0 fnt\n|faint|p2a: Iron Bundle\n|-end|p2a: Iron Bundle|Quark Drive|[silent]\n|move|p2b: Great Tusk|Headlong Rush|p1b: Flutter Mane\n|-damage|p1b: Flutter Mane|0 fnt\n|-unboost|p2b: Great Tusk|def|1\n|-unboost|p2b: Great Tusk|spd|1\n|faint|p1b: Flutter Mane\n|-end|p1b: Flutter Mane|Protosynthesis|[silent]\n|\n|upkeep\n|\n|t:|1682555143\n|switch|p2a: Chien-Pao|Chien-Pao, L50|100\/100\n|switch|p1b: Tyranitar|Tyranitar, L50, F|100\/100\n|-weather|Sandstorm|[from] ability: Sand Stream|[of] p1b: Tyranitar\n|-ability|p2a: Chien-Pao|Sword of Ruin\n|turn|2\n|\n|t:|1682555160\n|-terastallize|p1b: Tyranitar|Flying\n|move|p1a: Murkrow|Foul Play|p2a: Chien-Pao\n|-resisted|p2a: Chien-Pao\n|-damage|p2a: Chien-Pao|67\/100\n|move|p1b: Tyranitar|Rock Slide|p2b: Great Tusk|[spread] p2a,p2b\n|-supereffective|p2a: Chien-Pao\n|-supereffective|p2b: Great Tusk\n|-damage|p2a: Chien-Pao|0 fnt\n|-damage|p2b: Great Tusk|9\/100\n|faint|p2a: Chien-Pao\n|move|p2b: Great Tusk|Rock Slide|p1b: Tyranitar|[spread] p1a,p1b\n|-supereffective|p1a: Murkrow\n|-supereffective|p1b: Tyranitar\n|-damage|p1a: Murkrow|44\/100\n|-damage|p1b: Tyranitar|64\/100\n|\n|-weather|Sandstorm|[upkeep]\n|-damage|p1a: Murkrow|38\/100|[from] Sandstorm\n|-damage|p1b: Tyranitar|58\/100|[from] Sandstorm\n|-damage|p2b: Great Tusk|4\/100|[from] Sandstorm\n|upkeep\n|\n|t:|1682555173\n|switch|p2a: Dragonite|Dragonite, L50, M, shiny|100\/100\n|turn|3\n|\n|t:|1682555185\n|move|p2a: Dragonite|Extreme Speed|p1a: Murkrow\n|-crit|p1a: Murkrow\n|-damage|p1a: Murkrow|0 fnt\n|faint|p1a: Murkrow\n|move|p1b: Tyranitar|Rock Slide|p2a: Dragonite|[spread] p2a,p2b\n|-supereffective|p2a: Dragonite\n|-supereffective|p2b: Great Tusk\n|-damage|p2a: Dragonite|73\/100\n|-damage|p2b: Great Tusk|0 fnt\n|faint|p2b: Great Tusk\n|-end|p2b: Great Tusk|Protosynthesis|[silent]\n|\n|-weather|Sandstorm|[upkeep]\n|-damage|p1b: Tyranitar|52\/100|[from] Sandstorm\n|-damage|p2a: Dragonite|67\/100|[from] Sandstorm\n|upkeep\n|\n|t:|1682555198\n|switch|p1a: Chi-Yu|Chi-Yu, L50|100\/100\n|-ability|p1a: Chi-Yu|Beads of Ruin\n|turn|4\n|\n|t:|1682555210\n|move|p2a: Dragonite|Extreme Speed|p1b: Tyranitar\n|-damage|p1b: Tyranitar|11\/100\n|move|p1a: Chi-Yu|Dark Pulse|p2a: Dragonite\n|-damage|p2a: Dragonite|14\/100\n|move|p1b: Tyranitar|Crunch|p2a: Dragonite\n|-damage|p2a: Dragonite|0 fnt\n|faint|p2a: Dragonite\n|\n|win|Hiemer14\n|raw|Hiemer14's rating: 1628 → 1649<\/strong> (+21 for winning)\n|raw|PruebasNabil's rating: 1650 → 1629<\/strong> (-21 for losing)\n|l|\u2606PruebasNabil\n","uploadtime":1682555222,"views":16,"p1id":"hiemer14","p2id":"pruebasnabil","formatid":"gen9vgc2023regulationc","rating":1629,"private":0,"password":""}