{"id":"gen9vgc2023regulationc-1847580127","p1":"Reuselation","p2":"Dino_Rez","format":"[Gen 9] VGC 2023 Regulation C","log":"|j|\u2606Reuselation\n|j|\u2606Dino_Rez\n|t:|1681976821\n|gametype|doubles\n|player|p1|Reuselation|170|1071\n|player|p2|Dino_Rez|schoolkid-gen4dp|1000\n|teamsize|p1|6\n|teamsize|p2|6\n|gen|9\n|tier|[Gen 9] VGC 2023 Regulation C\n|rated|\n|rule|Species Clause: Limit one of each Pok\u00e9mon\n|rule|Item Clause: Limit one of each item\n|clearpoke\n|poke|p1|Pelipper, L50, F|\n|poke|p1|Palafin, L50, F|\n|poke|p1|Amoonguss, L50, M|\n|poke|p1|Iron Hands, L50|\n|poke|p1|Salamence, L50, F|\n|poke|p1|Chien-Pao, L50|\n|poke|p2|Pawmot, L50, F|\n|poke|p2|Amoonguss, L50, F|\n|poke|p2|Chien-Pao, L50|\n|poke|p2|Iron Moth, L50|\n|poke|p2|Torkoal, L50, M|\n|poke|p2|Toxapex, L50, F|\n|teampreview|4\n|\n|t:|1681976843\n|start\n|switch|p1a: Iron Hands|Iron Hands, L50|100\/100\n|switch|p1b: Amoonguss|Amoonguss, L50, M|100\/100\n|switch|p2a: Pawmot|Pawmot, L50, F|100\/100\n|switch|p2b: Amoonguss|Amoonguss, L50, F|100\/100\n|turn|1\n|\n|t:|1681976865\n|move|p1a: Iron Hands|Fake Out|p2b: Amoonguss\n|-damage|p2b: Amoonguss|83\/100\n|cant|p2b: Amoonguss|flinch\n|move|p2a: Pawmot|Ice Punch|p1b: Amoonguss\n|-supereffective|p1b: Amoonguss\n|-damage|p1b: Amoonguss|44\/100\n|-enditem|p1b: Amoonguss|Sitrus Berry|[eat]\n|-heal|p1b: Amoonguss|69\/100|[from] item: Sitrus Berry\n|move|p1b: Amoonguss|Spore|p2a: Pawmot\n|-status|p2a: Pawmot|slp|[from] move: Spore\n|\n|upkeep\n|turn|2\n|\n|t:|1681976897\n|switch|p1b: Chien-Pao|Chien-Pao, L50|100\/100\n|-ability|p1b: Chien-Pao|Sword of Ruin\n|cant|p2a: Pawmot|slp\n|move|p2b: Amoonguss|Spore|p1a: Iron Hands\n|-status|p1a: Iron Hands|slp|[from] move: Spore\n|cant|p1a: Iron Hands|slp\n|\n|upkeep\n|turn|3\n|\n|t:|1681976925\n|move|p2b: Amoonguss|Rage Powder|p2b: Amoonguss\n|-singleturn|p2b: Amoonguss|move: Rage Powder\n|move|p1b: Chien-Pao|Ice Spinner|p2b: Amoonguss\n|-supereffective|p2b: Amoonguss\n|-damage|p2b: Amoonguss|0 fnt\n|faint|p2b: Amoonguss\n|cant|p2a: Pawmot|slp\n|-curestatus|p1a: Iron Hands|slp|[msg]\n|move|p1a: Iron Hands|Drain Punch|p2a: Pawmot\n|-damage|p2a: Pawmot|11\/100 slp\n|\n|upkeep\n|\n|t:|1681976938\n|switch|p2b: Toxapex|Toxapex, L50, F|100\/100\n|turn|4\n|\n|t:|1681976954\n|cant|p2a: Pawmot|slp\n|move|p1b: Chien-Pao|Ice Spinner|p2a: Pawmot\n|-damage|p2a: Pawmot|0 fnt\n|faint|p2a: Pawmot\n|move|p1a: Iron Hands|Wild Charge|p2b: Toxapex\n|-supereffective|p2b: Toxapex\n|-damage|p2b: Toxapex|0 fnt\n|faint|p2b: Toxapex\n|-damage|p1a: Iron Hands|87\/100|[from] Recoil\n|\n|upkeep\n|c|\u2606Dino_Rez|Cmonn\n|c|\u2606Dino_Rez|Why\n|-message|Dino_Rez forfeited.\n|\n|win|Reuselation\n|raw|Reuselation's rating: 1071 → 1094<\/strong> (+23 for winning)\n|raw|Dino_Rez's rating: 1000 → 1000<\/strong> (+0 for losing)\n|l|\u2606Dino_Rez\n","uploadtime":1681976974,"views":12,"p1id":"reuselation","p2id":"dinorez","formatid":"gen9vgc2023regulationc","rating":1000,"private":0,"password":""}