{"id":"gen9vgc2023regulationc-1845092474","p1":"Privnoval016","p2":"Ab0ve5029","format":"[Gen 9] VGC 2023 Regulation C","log":"|j|\u2606Privnoval016\n|j|\u2606Ab0ve5029\n|t:|1681682632\n|gametype|doubles\n|player|p1|Privnoval016|170|\n|player|p2|Ab0ve5029|n|\n|teamsize|p1|6\n|teamsize|p2|6\n|gen|9\n|tier|[Gen 9] VGC 2023 Regulation C\n|rated|Tournament battle\n|rule|Species Clause: Limit one of each Pok\u00e9mon\n|rule|Item Clause: Limit one of each item\n|clearpoke\n|poke|p1|Gyarados, L50, F|\n|poke|p1|Amoonguss, L50, F|\n|poke|p1|Flutter Mane, L50|\n|poke|p1|Chi-Yu, L50|\n|poke|p1|Roaring Moon, L50|\n|poke|p1|Garchomp, L50, M|\n|poke|p2|Chien-Pao, L50|\n|poke|p2|Kingambit, L50, F|\n|poke|p2|Palafin, L50, F|\n|poke|p2|Flutter Mane, L50|\n|poke|p2|Arcanine, L50, F|\n|poke|p2|Amoonguss, L50, F|\n|teampreview|4\n|raw| Open Team Sheet for Privnoval016<\/summary>If you wanna (Gyarados) @ Sitrus Berry Ability: Intimidate Level: 50 Shiny: Yes Tera Type: Grass - Waterfall - Protect - Thunder Wave - Iron Head See some action (Amoonguss) @ Covert Cloak Ability: Regenerator Level: 50 Shiny: Yes Tera Type: Water - Rage Powder - Spore - Protect - Pollen Puff Gotta be center (Flutter Mane) @ Choice Specs Ability: Protosynthesis Level: 50 Tera Type: Fairy - Dazzling Gleam - Moonblast - Shadow Ball - Power Gem OF ATTRACTION (Chi-Yu) @ Focus Sash Ability: Beads of Ruin Level: 50 Tera Type: Fire - Heat Wave - Protect - Dark Pulse - Overheat So baby now you (Roaring Moon) @ Booster Energy Ability: Protosynthesis Level: 50 Tera Type: Flying - Acrobatics - Tailwind - Protect - Throat Chop Feel like Number 1 (Garchomp) @ Choice Band Ability: Rough Skin Level: 50 Tera Type: Fire - Earthquake - Rock Slide - Dragon Claw - Stomping Tantrum <\/details><\/div> Open Team Sheet for Ab0ve5029<\/summary>Astrumy (Chien-Pao) @ Focus Sash Ability: Sword of Ruin Level: 50 Tera Type: Ghost - Ice Spinner - Throat Chop - Sacred Sword - Protect hancec (Kingambit) @ Lum Berry Ability: Defiant Level: 50 Tera Type: Dark - Kowtow Cleave - Sucker Punch - Swords Dance - Protect Above (Palafin) @ Mystic Water Ability: Zero to Hero Level: 50 Tera Type: Water - Wave Crash - Jet Punch - Haze - Protect RulingWillB (Flutter Mane) @ Booster Energy Ability: Protosynthesis Level: 50 Tera Type: Grass - Shadow Ball - Dazzling Gleam - Energy Ball - Protect CaLdAbOoS (Arcanine) @ Safety Goggles Ability: Intimidate Level: 50 Tera Type: Water - Flare Blitz - Extreme Speed - Will-O-Wisp - Protect Whynus (Amoonguss) @ Sitrus Berry Ability: Regenerator Level: 50 Tera Type: Water - Pollen Puff - Spore - Rage Powder - Protect <\/details><\/div>\n|c|\u2606Ab0ve5029|glhf\n|j| That_Leek\n|inactive|Battle timer is ON: inactive players will automatically lose when time's up. (requested by Ab0ve5029)\n|c|\u2606Privnoval016|glhf\n|inactive|Privnoval016 has 60 seconds left.\n|inactive|Privnoval016 has 30 seconds left.\n|inactive|Privnoval016 has 20 seconds left.\n|j| PalafinPunch18\n|inactive|Privnoval016 has 15 seconds left.\n|\n|t:|1681682715\n|start\n|switch|p1a: So baby now you|Roaring Moon, L50|100\/100\n|switch|p1b: OF ATTRACTION|Chi-Yu, L50|100\/100\n|switch|p2a: hancec|Kingambit, L50, F|100\/100\n|switch|p2b: Whynus|Amoonguss, L50, F|100\/100\n|-ability|p1b: OF ATTRACTION|Beads of Ruin\n|-enditem|p1a: So baby now you|Booster Energy\n|-activate|p1a: So baby now you|ability: Protosynthesis|[fromitem]\n|-start|p1a: So baby now you|protosynthesisspe\n|turn|1\n|inactive|Privnoval016 has 30 seconds left.\n|j| AlmostAPear9\n|inactive|Privnoval016 has 20 seconds left.\n|inactive|Privnoval016 has 15 seconds left.\n|\n|t:|1681682758\n|-terastallize|p2b: Whynus|Water\n|move|p2a: hancec|Protect|p2a: hancec\n|-singleturn|p2a: hancec|Protect\n|move|p1a: So baby now you|Acrobatics|p2a: hancec\n|-activate|p2a: hancec|move: Protect\n|move|p1b: OF ATTRACTION|Heat Wave|p2a: hancec|[spread] p2b\n|-activate|p2a: hancec|move: Protect\n|-resisted|p2b: Whynus\n|-damage|p2b: Whynus|80\/100\n|move|p2b: Whynus|Spore|p1b: OF ATTRACTION\n|-status|p1b: OF ATTRACTION|slp|[from] move: Spore\n|\n|upkeep\n|turn|2\n|l| AlmostAPear9\n|inactive|Privnoval016 has 30 seconds left.\n|inactive|Privnoval016 has 20 seconds left.\n|inactive|Privnoval016 has 15 seconds left.\n|inactive|Privnoval016 has 10 seconds left.\n|\n|t:|1681682806\n|switch|p1b: Feel like Number 1|Garchomp, L50, M|100\/100\n|move|p1a: So baby now you|Protect|p1a: So baby now you\n|-singleturn|p1a: So baby now you|Protect\n|move|p2a: hancec|Swords Dance|p2a: hancec\n|-boost|p2a: hancec|atk|2\n|move|p2b: Whynus|Spore|p1a: So baby now you\n|-activate|p1a: So baby now you|move: Protect\n|\n|upkeep\n|turn|3\n|inactive|Privnoval016 has 30 seconds left.\n|\n|t:|1681682841\n|switch|p1b: OF ATTRACTION|Chi-Yu, L50|100\/100 slp\n|-ability|p1b: OF ATTRACTION|Beads of Ruin\n|move|p2a: hancec|Protect|p2a: hancec\n|-singleturn|p2a: hancec|Protect\n|move|p1a: So baby now you|Acrobatics|p2b: Whynus\n|-damage|p2b: Whynus|45\/100\n|-enditem|p2b: Whynus|Sitrus Berry|[eat]\n|-heal|p2b: Whynus|70\/100|[from] item: Sitrus Berry\n|move|p2b: Whynus|Spore|p1b: OF ATTRACTION\n|-fail|p1b: OF ATTRACTION|slp\n|\n|upkeep\n|turn|4\n|inactive|Privnoval016 has 30 seconds left.\n|\n|t:|1681682872\n|move|p1a: So baby now you|Protect|p1a: So baby now you\n|-singleturn|p1a: So baby now you|Protect\n|cant|p1b: OF ATTRACTION|slp\n|move|p2a: hancec|Kowtow Cleave|p1b: OF ATTRACTION\n|-resisted|p1b: OF ATTRACTION\n|-crit|p1b: OF ATTRACTION\n|-enditem|p1b: OF ATTRACTION|Focus Sash\n|-damage|p1b: OF ATTRACTION|1\/100 slp\n|move|p2b: Whynus|Spore|p1a: So baby now you\n|-activate|p1a: So baby now you|move: Protect\n|\n|upkeep\n|turn|5\n|inactive|Privnoval016 has 30 seconds left.\n|inactive|Privnoval016 has 20 seconds left.\n|inactive|Privnoval016 has 15 seconds left.\n|inactive|Privnoval016 has 10 seconds left.\n|\n|t:|1681682919\n|move|p1a: So baby now you|Tailwind|p1a: So baby now you\n|-sidestart|p1: Privnoval016|move: Tailwind\n|-curestatus|p1b: OF ATTRACTION|slp|[msg]\n|move|p1b: OF ATTRACTION|Heat Wave|p2b: Whynus|[spread] p2a,p2b\n|-supereffective|p2a: hancec\n|-resisted|p2b: Whynus\n|-damage|p2a: hancec|4\/100\n|-damage|p2b: Whynus|49\/100\n|move|p2a: hancec|Kowtow Cleave|p1b: OF ATTRACTION\n|-resisted|p1b: OF ATTRACTION\n|-damage|p1b: OF ATTRACTION|0 fnt\n|faint|p1b: OF ATTRACTION\n|move|p2b: Whynus|Spore|p1a: So baby now you\n|-status|p1a: So baby now you|slp|[from] move: Spore\n|\n|upkeep\n|\n|t:|1681682941\n|switch|p1b: Feel like Number 1|Garchomp, L50, M|100\/100\n|turn|6\n|inactive|Privnoval016 has 30 seconds left.\n|inactive|Ab0ve5029 has 30 seconds left.\n|\n|t:|1681682974\n|move|p2a: hancec|Sucker Punch|p1b: Feel like Number 1\n|-damage|p1b: Feel like Number 1|10\/100\n|-damage|p2a: hancec|0 fnt|[from] ability: Rough Skin|[of] p1b: Feel like Number 1\n|faint|p2a: hancec\n|cant|p1a: So baby now you|slp\n|move|p1b: Feel like Number 1|Earthquake|p2b: Whynus|[spread] p1a,p2b\n|-damage|p1a: So baby now you|29\/100 slp\n|-damage|p2b: Whynus|0 fnt\n|faint|p2b: Whynus\n|\n|upkeep\n|\n|t:|1681682979\n|switch|p2a: Astrumy|Chien-Pao, L50|100\/100\n|switch|p2b: RulingWillB|Flutter Mane, L50|100\/100\n|-ability|p2a: Astrumy|Sword of Ruin\n|-enditem|p2b: RulingWillB|Booster Energy\n|-activate|p2b: RulingWillB|ability: Protosynthesis|[fromitem]\n|-start|p2b: RulingWillB|protosynthesisspa\n|turn|7\n|inactive|Privnoval016 has 30 seconds left.\n|inactive|Privnoval016 has 20 seconds left.\n|inactive|Privnoval016 has 15 seconds left.\n|inactive|Privnoval016 has 10 seconds left.\n|\n|t:|1681683026\n|-end|p1a: So baby now you|Protosynthesis|[silent]\n|switch|p1a: If you wanna|Gyarados, L50, F, shiny|100\/100\n|-ability|p1a: If you wanna|Intimidate|boost\n|-unboost|p2a: Astrumy|atk|1\n|-unboost|p2b: RulingWillB|atk|1\n|move|p2a: Astrumy|Protect|p2a: Astrumy\n|-singleturn|p2a: Astrumy|Protect\n|move|p1b: Feel like Number 1|Earthquake|p2a: Astrumy|[spread] p2b\n|-activate|p2a: Astrumy|move: Protect\n|-immune|p1a: If you wanna\n|-damage|p2b: RulingWillB|0 fnt\n|faint|p2b: RulingWillB\n|-end|p2b: RulingWillB|Protosynthesis|[silent]\n|\n|upkeep\n|turn|8\n|-message|Ab0ve5029 forfeited.\n|\n|win|Privnoval016\n|n|\u2606Privnoval016|privnoval016\n|n|\u2606Ab0ve5029|ab0ve5029\n|n| That_Leek|thatleek\n|n| PalafinPunch18|palafinpunch18\n|c|\u2606Ab0ve5029|gg\n","uploadtime":1681683038,"views":7,"p1id":"privnoval016","p2id":"ab0ve5029","formatid":"gen9vgc2023regulationc","rating":0,"private":0,"password":""}