{"id":"gen9vgc2023regulationc-1847167329","p1":"Zacharius123","p2":"litofsky","format":"[Gen 9] VGC 2023 Regulation C","log":"|j|\u2606Zacharius123\n|j|\u2606litofsky\n|t:|1681924593\n|gametype|doubles\n|player|p1|Zacharius123|170|1110\n|player|p2|litofsky|102|1195\n|teamsize|p1|6\n|teamsize|p2|6\n|gen|9\n|tier|[Gen 9] VGC 2023 Regulation C\n|rated|\n|rule|Species Clause: Limit one of each Pok\u00e9mon\n|rule|Item Clause: Limit one of each item\n|clearpoke\n|poke|p1|Houndstone, L50, F|\n|poke|p1|Tyranitar, L50, M|\n|poke|p1|Palafin, L50, F|\n|poke|p1|Dragonite, L50, F|\n|poke|p1|Arcanine, L50, M|\n|poke|p1|Flutter Mane, L50|\n|poke|p2|Palafin, L50, M|\n|poke|p2|Chien-Pao, L50|\n|poke|p2|Dragapult, L50, M|\n|poke|p2|Amoonguss, L50, M|\n|poke|p2|Arcanine, L50, F|\n|poke|p2|Flutter Mane, L50|\n|teampreview|4\n|inactive|Battle timer is ON: inactive players will automatically lose when time's up. (requested by Zacharius123)\n|\n|t:|1681924625\n|start\n|switch|p1a: Houndstone|Houndstone, L50, F|100\/100\n|switch|p1b: Tyranitar|Tyranitar, L50, M|100\/100\n|switch|p2a: Chien-Pao|Chien-Pao, L50|100\/100\n|switch|p2b: Palafin|Palafin, L50, M|100\/100\n|-ability|p2a: Chien-Pao|Sword of Ruin\n|-weather|Sandstorm|[from] ability: Sand Stream|[of] p1b: Tyranitar\n|turn|1\n|inactive|Zacharius123 has 30 seconds left.\n|inactive|Zacharius123 has 20 seconds left.\n|\n|t:|1681924663\n|-terastallize|p2b: Palafin|Water\n|move|p1a: Houndstone|Howl|p1a: Houndstone|[spread] p1a,p1b\n|-boost|p1a: Houndstone|atk|1\n|-boost|p1b: Tyranitar|atk|1\n|move|p2a: Chien-Pao|Sacred Sword|p1b: Tyranitar\n|-supereffective|p1b: Tyranitar\n|-damage|p1b: Tyranitar|0 fnt\n|faint|p1b: Tyranitar\n|move|p2b: Palafin|Wave Crash|p1a: Houndstone\n|-damage|p1a: Houndstone|0 fnt\n|faint|p1a: Houndstone\n|-damage|p2b: Palafin|74\/100|[from] Recoil\n|\n|-weather|Sandstorm|[upkeep]\n|-damage|p2a: Chien-Pao|95\/100|[from] Sandstorm\n|-damage|p2b: Palafin|68\/100|[from] Sandstorm\n|upkeep\n|-message|Zacharius123 forfeited.\n|\n|win|litofsky\n|raw|Zacharius123's rating: 1110 → 1091<\/strong> (-19 for losing)\n|raw|litofsky's rating: 1195 → 1214<\/strong> (+19 for winning)\n|l|\u2606Zacharius123\n","uploadtime":1681924686,"views":20,"p1id":"zacharius123","p2id":"litofsky","formatid":"gen9vgc2023regulationc","rating":1091,"private":0,"password":""}